2874 4748
623 459 693 500 noc.
717 458 813 498 cxvi:
841 457 915 516 ¹²99
1328 431 1385 512 349

157 693 239 755 pena
251 673 359 734 soluta
377 672 427 732 vel
444 691 522 742 non,
535 671 689 752 predictis
703 669 859 733 omnibus
874 682 906 730 et
922 668 1060 749 singulis
1073 671 1238 740 societate,
1254 670 1386 737 unione,

156 787 422 850 confederatione
444 802 475 849 et
500 787 721 858 fraternitate,
744 787 846 868 pactis
861 800 892 846 et
910 785 1189 847 conventionibus
1211 786 1245 846 in
1263 804 1320 845 sua
1338 783 1387 845 iir-

158 905 274 965 mitate
296 903 506 974 durantibus,
528 922 603 964 cum
628 904 739 964 eadem
757 921 839 984 pene
861 899 1086 982 stipulatione,
1103 921 1157 962 seu
1176 901 1388 981 promissione

157 1032 189 1079 et
211 1018 397 1092 exactione;
420 1017 652 1079 renunciantes
674 1017 714 1078 ad
734 1017 878 1078 invicem
906 1015 1091 1098 exceptioni
1114 1016 1192 1088 doli,
1208 1017 1287 1079 mali
1305 1030 1336 1077 et
1352 1017 1385 1077 in

159 1133 293 1205 factum,
316 1133 511 1205 conditioni,
532 1134 601 1194 sine
623 1151 718 1194 causa
742 1133 792 1194 vel
815 1151 852 1192 ex
877 1131 999 1192 iniusta
1030 1151 1137 1203 causa,
1161 1129 1317 1193 beneficio
1340 1152 1387 1192 re-

156 1248 341 1310 stitutionis
363 1247 396 1309 in
421 1249 599 1329 integrum,
622 1249 725 1310 literis
741 1247 927 1330 impetratis
944 1259 975 1308 et
992 1247 1219 1328 impetrandis,
1241 1261 1272 1309 et
1296 1248 1388 1309 bene·-

158 1363 229 1425 fitio
250 1363 425 1426 cuiuslibet
448 1364 525 1444 legis
541 1370 577 1425 'et
599 1365 745 1436 canonis,
767 1377 801 1425 et
823 1362 959 1424 cuilibet
976 1362 1031 1442 alii
1052 1363 1128 1433 iuri,
1144 1381 1200 1442 per
1215 1363 1305 1444 quod
1320 1363 1385 1423 dici

159 1479 208 1539 vel
231 1479 299 1540 fieri
323 1479 374 1540 vel
397 1480 502 1540 veniri
537 1494 639 1560 posset
672 1491 787 1540 contra
807 1478 953 1561 predicta
986 1479 1037 1539 vel
1059 1477 1193 1558 aliquod
1225 1478 1385 1559 predicto-

160 1614 244 1656 rum.
328 1594 393 1655 Pro
416 1595 536 1675 quibus
557 1595 712 1657 omnibus
740 1608 771 1656 et
800 1593 938 1674 singulis
967 1594 1095 1674 plenius
1123 1593 1334 1655 observandis
1355 1606 1386 1653 et

157 1708 367 1771 attendendis
389 1712 554 1791 predictus
576 1711 731 1771 dominus
755 1709 1017 1779 Bartholameus‚
1035 1709 1165 1770 Verone
1186 1709 1387 1789 capitaneus,

157 1838 188 1885 et
211 1824 318 1885 dictus
339 1825 493 1886 dominus
518 1825 630 1887 Guido
652 1826 760 1887 dictus
784 1824 962 1896 Botexella,
985 1825 1123 1885 Mantue
1142 1823 1334 1904 capitaneus
1355 1836 1386 1884 et

158 1939 237 2002 dicti
259 1941 387 2002 domini
411 1942 565 2002 Nicolaus
587 1956 618 2002 et
642 1941 803 2021 Mapheus
823 1940 940 2001 sindici
964 1952 995 2001 et
1019 1953 1247 2021 procuratores
1269 1955 1300 1998 er
1323 1938 1387 1998 sin·

159 2057 283 2118 dicario
304 2073 336 2120 et
359 2059 587 2138 procuratorio
621 2057 753 2119 nomine
783 2077 850 2138 quo
871 2076 980 2136 supra,
1003 2056 1236 2138 obligaverunt
1259 2055 1320 2114 sibi
1344 2054 1383 2114 ad

158 2172 299 2235 invicem
322 2175 433 2235 omnia
468 2175 553 2236 bona
587 2174 751 2235 dictorum
775 2174 946 2235 Nobilium
969 2187 1001 2235 et
1031 2172 1247 2243 Comunium,
1269 2172 1387 2232 consti·

158 2301 287 2350 tuentes
308 2310 371 2351 sese
395 2290 594 2350 alterutrum
619 2291 754 2351 alterius
778 2290 911 2350 nomine
934 2289 1094 2370 possidere
1117 2288 1167 2349 vel
1190 2289 1293 2369 quasi.

241 2517 361 2571 Actum
386 2525 432 2571 est
454 2510 514 2571 hoc
539 2511 686 2581 Mantue,
708 2511 768 2570 sub
792 2510 920 2591 porticu
942 2510 1064 2571 curtiri
1088 2511 1203 2592 palacij
1228 2511 1388 2572 Comunis

163 2626 308 2696 Mantue,
332 2625 389 2686 ubi
412 2626 582 2706 Sapientes
603 2639 830 2686 convocantur
852 2640 883 2686 et
906 2642 1160 2706 congregantur,
1183 2628 1388 2707 presentibus

162 2741 327 2801 nobilibus
350 2755 381 2801 et
403 2740 605 2821 sapientibus
622 2740 700 2800 viris
716 2739 858 2800 dominis
881 2741 1069 2801 Cavalcan'o
1095 2741 1133 2802 de
1159 2741 1286 2810 Cerere,
1310 2741 1389 2802 Om—

162 2857 289 2916 nebono
311 2855 479 2934 quondam
503 2854 630 2915 domini
654 2854 798 2915 Huberti
821 2856 859 2916 de
883 2856 1105 2927 SacramoxiO,
1129 2856 1333 2936 Baylardino
1355 2871 1385 2917 et

162 2971 310 3031 Antonio
339 2971 378 3030 de
408 2971 581 3050 Nogarolis
616 2971 784 3042 fratribuS,
819 2972 907 3031 lreco
936 2973 974 3032 de
1002 2972 1184 3044 Adelardis,
1219 2972 1388 3034 Bernardo

160 3085 328 3166 quondam
352 3086 478 3147 domini
504 3087 658 3165 Ranucij,
681 3087 856 3168 Adelgerio
878 3088 916 3147 de
938 3088 1157 3160 Lendenaria,
1180 3089 1328 3151 Floriolo
1350 3092 1387 3150 de

163 3202 342 3284 CavarisiO,
366 3202 390 3262 F
395 3203 511 3263 loriolo
533 3203 572 3263 de
594 3203 832 3273 Oculodecane,
856 3203 1024 3264 Guilelmo
1040 3205 1129 3266 dicto
1145 3204 1247 3265 Asino
1270 3208 1308 3266 de
1328 3208 1389 3289 (ja-

161 3319 291 3390 chatiis,
314 3321 492 3381 Amaberio
514 3321 552 3380 de
577 3320 763 3392 Machariis,
786 3321 943 3401 magistro
969 3321 1070 3382 ivano
1088 3323 1214 3383 domini
1239 3322 1389 3383 Bonetini

162 3435 303 3504 notari0,
328 3435 503 3496 Benedicto
521 3436 647 3496 domini
672 3436 869 3497 Bernardini
888 3436 1018 3496 notario
1041 3451 1071 3497 et
1096 3437 1334 3498 Bonaventura
1351 3439 1389 3499 de

163 3551 282 3611 Sancta
307 3550 429 3630 Sophia
454 3553 594 3621 notario,
618 3572 745 3632 presens
768 3553 1027 3613 instrumentum
1047 3555 1222 3633 scripturo,
1245 3554 1293 3614 vel
1316 3555 1343 3614 ei
1359 3575 1390 3615 se

161 3667 398 3748 subscriptum,
411 3669 564 3728 omnibus
581 3669 832 3739 Veronensibus,
914 3683 945 3729 et
959 3669 1062 3729 Sadeo
1074 3669 1112 3730 de
1126 3655 1327 3751 Pigognagia
1341 3677 1391 3744 (a)

163 3782 278 3853 iudice,
301 3782 455 3855 Berard0‚
470 3785 614 3845 Henrico
637 3800 667 3846 et
691 3785 880 3846 Castellano
903 3787 941 3846 de
961 3785 1158 3858 Bonacolsis,
1182 3787 1337 3848 Guidone
1352 3788 1390 3849 de

164 3897 464 3970 Buccamaiuribus,
488 3902 626 3962 Alberto
649 3903 765 3963 Truffa
789 3902 827 3964 de
851 3903 1024 3964 Adelardis
1046 3917 1077 3962 et
1101 3871 1330 3964 Petroalberto
1352 3905 1390 3965 de

164 4011 270 4073 Bussis
292 4028 323 4074 et
348 4015 517 4076 Guilelmo
546 4017 584 4078 de
607 4017 773 4078 Axandris
805 4019 978 4090 iudicibus,
1012 4018 1207 4098 philippino
1231 4021 1270 4080 de
1293 4021 1391 4103 Qum·

165 4127 250 4197 boto,
273 4128 410 4190 Nicolao
432 4131 470 4190 de
494 4130 709 4203 CremaschiS‚
744 4134 886 4210 Ricardo
915 4134 953 4194 de
986 4133 1135 4204 lsaviola,
1157 4134 1330 4195 Torellino
1352 4136 1390 4196 de

165 4236 305 4298 Torellis
326 4255 357 4301 et
381 4241 502 4320 Loysio
525 4243 562 4302 de
586 4244 687 4304 Turri
706 4244 857 4323 predictis
874 4245 1075 4315 Mantuanis,
1099 4245 1235 4305 testibus
1259 4248 1391 4318 vocatis,

166 4355 295 4416 roaatis.
