2834 4792
599 413 670 456 noc.
693 413 816 454 xrmu:
845 394 920 472 ¹²59

135 510 1371 537 -ffl-—fflffl

132 651 151 690 a
182 629 322 694 Viliaoo
345 633 395 704 (α)
417 629 548 690 notario
570 627 609 690 de
631 626 782 691 Orlaudo
814 639 846 688 et
874 645 892 688 a
923 645 974 690 me
1004 626 1136 688 notario
1158 625 1226 701 (b),
1251 625 1321 688 vice
1343 638 1374 688 et

136 746 279 810 nomine
302 743 498 811 Communis
527 741 689 809 Cremoue
721 757 753 806 et
775 762 836 825 pro
858 745 927 825 ipso
950 741 1142 816 Communi,
1169 755 1200 807 et
1222 741 1377 806 dominus

135 860 259 925 Bosins
281 860 320 927 de
343 859 487 928 Dovaria
512 879 571 942 pro
598 881 629 923 se
652 873 683 922 et
705 880 765 924 suo
795 859 929 942 proprio
952 859 1097 930 nomine,
1120 879 1180 940 pro
1200 878 1231 922 se
1253 871 1285 924 et
1306 877 1376 922 om-

136 977 241 1040 nibus
264 976 376 1040 amicis
398 978 563 1044 dictorum
579 976 801 1043 Dominorum
817 991 849 1038 et
866 973 1063 1041 Communis
1079 975 1243 1039 Cremone
1254 995 1292 1038 ex
1308 993 1373 1039 una

135 1107 247 1174 parte,
271 1105 303 1156 et
326 1092 482 1156 dominus
504 1092 644 1156 Rofinus
665 1093 705 1156 de
726 1092 893 1176 Canicalis
914 1105 947 1156 et
970 1091 1160 1154 Bonifacius
1180 1091 1220 1154 de
1241 1092 1308 1154 Ari<

135 1207 336 1270 Petrecinus
357 1207 396 1270 de
420 1207 644 1271 Vicedomiuis
665 1221 697 1269 et
720 1207 837 1271 Petrus
859 1207 898 1274 de
919 1207 1024 1272 Turri
1041 1207 1154 1288 nuncij
1178 1221 1209 1270 et
1226 1226 1300 1289 proc

136 1337 229 1384 tores
250 1322 380 1386 domiui
403 1323 526 1402 Aeonis
550 1323 609 1386 Dei
631 1336 664 1386 et
686 1323 865 1406 apostolica
893 1324 1001 1406 gratia
1024 1330 1070 1400 (c)
1093 1323 1236 1390 Estensis
1251 1335 1283 1386 et
1306 1327 1320 1382 r

137 1438 320 1503 conitanus
342 1438 502 1511 marchio,
525 1452 562 1501 ut
585 1453 715 1500 constat
739 1458 794 1520 per
818 1440 1081 1503 instrumentum
1105 1437 1231 1501 factum
1252 1457 1308 1518 per

139 1554 326 1626 notarium,
347 1555 416 1618 vice
438 1569 469 1616 et
493 1555 627 1618 nomine
650 1555 751 1638 ipsius
782 1554 910 1617 domini
941 1554 1144 1616 Marchionis
1171 1566 1204 1616 et
1226 1571 1287 1634 pro
1309 1552 1342 1634 ip

139 1671 281 1734 domino
303 1671 506 1744 Marchione‚
529 1687 561 1735 et
584 1671 732 1753 prefatus
746 1671 902 1737 dominus
919 1669 1057 1734 Rofinus
1079 1670 1118 1732 de
1140 1669 1306 1754 Canicalis
1328 1688 1379 1732 cu·

141 1788 271 1850 ratorio
293 1789 428 1852 nomine
450 1788 580 1880 domini
602 1789 739 1850 Lodoici
770 1787 900 1851 comitis
933 1787 1075 1859 Verone,
1104 1799 1141 1850 ut
1169 1799 1300 1850 constat
1323 1805 1379 1867 per

140 1904 406 1968 instrumentum
431 1904 555 1968 facturn
588 1925 644 1986 per
677 1925 728 1968 me
762 1903 942 1974 notarium,
966 1903 1035 1966 vice
1057 1917 1088 1966 et
1112 1903 1247 1966 nomine
1277 1903 1380 1984 ipsius

140 2018 272 2083 domini
288 2017 428 2084 Comitis
450 2035 481 2084 et
504 2041 563 2104 pro
577 2022 649 2103 ipso
663 2022 800 2084 domino
812 2020 952 2094 Gemite,
967 2034 999 2083 et
1016 2022 1123 2084 dictus
1143 2019 1299 2084 dominus
1315 2021 1380 2082 Ro·

140 2135 231 2198 finus
251 2136 291 2198 de
313 2136 479 2219 Canicalis
499 2149 531 2200 et
555 2137 745 2200 Boniiacius
760 2139 799 2199 de
815 2138 941 2200 Arlotis
955 2137 1074 2201 sindici
1095 2151 1127 2202 et
1150 2149 1379 2218 procuratores

141 2253 343 2316 Communis
366 2254 515 2324 Mantua,
538 2267 575 2316 ut
598 2267 727 2316 constat
751 2273 807 2339 peg
826 2254 1088 2316 instrumentum
1106 2253 1229 2316 factum
1248 2273 1305 2334 per
1329 2273 1379 2314 n*e

142 2369 328 2440 notarium,
360 2353 429 2432 vice
451 2383 483 2435 et
506 2372 640 2432 nomine
663 2368 861 2432 Communis
885 2369 1024 2432 Mantue
1053 2384 1083 2431 et
1107 2389 1167 2451 pro
1189 2369 1258 2449 ipso
1281 2368 1352 2430 Con

142 2484 242 2548 muni
266 2487 405 2548 Mantua
436 2497 467 2546 et
490 2484 645 2548 dominus
678 2484 811 2550 Cabriel
835 2485 1000 2548 Guidonis
1023 2485 1117 2566 Nigri
1140 2485 1238 2548 iudex
1271 2498 1302 2548 et

140 2600 257 2687 minus
280 2601 444 2668 Henricus
467 2600 578 2683 Caput
615 2602 700 2664 Vace
723 2602 841 2664 sindici
873 2618 904 2665 et
928 2617 1159 2684 procuratores
1181 2601 1300 2665 Comm

142 2717 268 2788 padue,
291 2732 329 2782 ut
349 2731 480 2780 constat
509 2736 565 2799 per
595 2716 859 2783 instrumentum
891 2719 1014 2781 fectum
1042 2737 1099 2798 per
1127 2717 1304 2800 Cambonir

142 2803 316 2900 notarium
339 2846 370 2894 et
393 2853 411 2896 a
434 2853 485 2896 me
508 2833 640 2894 notario
656 2834 763 2896 visum
779 2846 811 2896 et
828 2835 961 2905 lectum,
983 2833 1053 2894 vice
1075 2846 1107 2896 et
1132 2832 1265 2894 nomine
1281 2832 1304 2914 ip

143 2950 345 3015 Communis
361 2949 473 3013 Padue
495 2963 526 3014 et
549 2970 610 3031 pro
632 2950 702 3031 ipso
725 2948 907 3012 Communi
930 2950 1052 3023 Padue,
1067 2965 1100 3013 et
1115 2950 1243 3013 domini
1261 2967 1328 3030 ρττ1

142 3066 338 3131 Petrecinus
360 3066 399 3128 de
421 3065 645 3128 Vicedominis
667 3080 697 3128 et
722 3066 839 3128 Petrus
854 3067 893 3128 de
915 3067 1018 3130 Turri
1034 3066 1152 3130 sindici
1174 3079 1205 3128 et
1225 3084 1302 3146 proc

142 3200 236 3248 tores
258 3183 454 3246 Communis
477 3181 637 3253 Ferrarie,
666 3198 704 3245 ut
732 3198 863 3246 constat
892 3203 948 3262 per
969 3197 1232 3246 instrumentum
1254 3181 1300 3244 fac

142 3319 203 3382 per
226 3297 450 3365 Petrebonum
475 3299 645 3360 notarium
679 3299 718 3360 de
746 3300 904 3380 magistro
936 3300 1039 3362 Vitali
1069 3314 1238 3362 motatore
1267 3313 1298 3344 et

143 3435 199 3482 me
222 3415 392 3480 notarium
416 3415 523 3476 visum
547 3430 579 3477 et
602 3415 736 3486 lectum,
759 3416 828 3476 vice
850 3429 882 3480 et
904 3416 1038 3478 nomine
1061 3416 1162 3496 ipsius
1184 3414 1228 3476 Co

141 3545 177 3596 et
203 3529 438 3593 Universitatis
460 3529 611 3592 Ferrarie
630 3545 660 3592 et
678 3550 736 3612 pro
760 3532 829 3612 ipso
852 3532 1034 3593 Communi
1051 3552 1110 3612 pro
1126 3553 1156 3592 se
1172 3545 1203 3592 et
1225 3557 1228 3584 τ

142 3645 263 3710 amicis
284 3646 449 3708 dictorum
474 3646 695 3708 Dominornm
719 3662 750 3709 et
773 3647 1014 3710 Communium
1036 3667 1072 3708 ex
1089 3648 1139 3722 (d)
1164 3647 1227 3688 0¹t0

143 3777 324 3827 traxerunt
347 3762 387 3823 ad
411 3762 554 3825 invicem
584 3777 614 3824 et
642 3762 862 3826 firmaverunt
893 3767 1092 3834 societatem,
1126 3764 1148 3824 fr

141 3877 332 3945 amiciciam
355 3893 386 3941 et
409 3879 568 3943 unionem
601 3901 725 3951 veram,
758 3900 887 3961 puram,
919 3899 1129 3942 communem

139 3993 328 4060 secundum
353 3993 495 4058 formam
519 4016 700 4074 expressam
731 4010 761 4055 et
792 4009 942 4056 notatam
973 3996 1006 4056 in
1030 3996 1100 4075 caft'

141 4123 176 4174 et
198 4110 438 4192 suprascriptio,
463 4111 610 4173 iurantes
634 4112 828 4191 principales
852 4131 986 4192 persone
1006 4121 1072 4192 'pret

141 4226 259 4290 minus
281 4225 430 4290 marchio
453 4226 675 4288 Pellavicinus
691 4241 721 4288 et
741 4227 854 4287 Bosius
873 4247 933 4306 pro
954 4248 985 4287 se
1008 4227 1072 4307 prir

142 4357 201 4406 tus
222 4341 367 4404 sindicus
390 4342 586 4406 Communis
602 4343 765 4405 Cremona
783 4347 814 4403 in
832 4344 1007 4404 animabus
1023 4344 1072 4405 illc

199 4530 237 4584 (a)
250 4531 270 4574 B
284 4530 367 4572 Iuliano
421 4531 491 4586 (b)1n
507 4533 525 4572 B
539 4545 620 4581 segne:
636 4531 775 4584 infrascripto
838 4532 870 4584 (r)
884 4533 1070 4582 (irrcsr'nr'u'map

142 4603 214 4657 (AM
230 4616 268 4652 τις
284 4603 347 4646 Ber.

229 4709 254 4753 C.
269 4709 376 4754 CIPOLLA.
391 4732 419 4743 -
433 4712 550 4753 Relaziom'
557 4713 605 4763 fra
626 4715 710 4752 i'rruuu
727 4725 737 4752 ι·
752 4714 868 4752 nazaren.
