2850 4776
639 401 707 444 noc.
731 402 803 443 ers:
829 400 898 462 ¹²9¹
1310 400 1370 460 224]

147 613 258 694 vigore
279 615 430 695 dominii,
451 615 540 698 quod
564 613 662 678 habet
684 613 719 677 in
749 615 884 678 civitate
906 614 1056 678 Ferrarie
1077 631 1108 678 et
1130 616 1293 689 districtu,
1316 638 1375 700 pro

145 751 177 791 se
200 744 230 791 et
254 732 366 792 amicis
386 731 453 792 suis
472 731 533 793 sibi
555 731 717 802 subiectis¹
741 731 976 794 adherentibus
997 745 1029 794 et
1047 733 1242 813 sequacibus
1264 730 1375 814 ipsius,

146 844 347 927 quicumque
368 861 400 910 et
423 847 652 929 undecumque
682 848 760 919 sint,
783 861 819 910 ut
841 859 969 910 constat
995 848 1218 911 instrumento
1249 850 1373 931 scripto

145 957 320 1040 subsigno
341 974 373 1021 et
397 961 530 1023 nomine
561 961 704 1022 eiusdem
729 960 869 1040 notarii,
890 959 1068 1022 sindicario
1090 976 1122 1023 et
1146 964 1375 1044 procuratorio

146 1073 280 1134 nomine
301 1074 523 1154 predictorum
548 1074 683 1155 Consilij
701 1088 732 1136 et
749 1074 910 1136 Comunis
930 1074 1076 1136 civitatis
1099 1075 1234 1157 prefate,
1246 1096 1283 1140 ac
1305 1097 1375 1160 pro·

144 1188 313 1249 curatorio
336 1190 469 1252 nomine
490 1189 570 1252 dicti
592 1189 720 1252 domini
743 1189 947 1252 Marchionis
961 1210 1021 1271 pro
1036 1209 1074 1252 eo
1092 1204 1123 1252 et
1146 1211 1206 1273 pro
1221 1193 1376 1274 predictis

145 1325 183 1364 ex
207 1319 298 1386 parte
322 1325 398 1378 una,
420 1321 451 1368 et
475 1309 526 1368 vir
548 1307 692 1390 prudens
713 1307 868 1369 dominus
897 1306 1019 1368 Sadeus
1040 1306 1079 1367 de
1102 1307 1303 1391 Pigognagia
1326 1315 1375 1384 (α)

145 1422 228 1483 iuris
249 1423 383 1502 peritus,
406 1437 611 1504 procurator,
633 1437 736 1496 actor,
762 1423 907 1484 sindicus
928 1437 960 1484 et
983 1424 1125 1485 nuncius
1149 1425 1296 1506 specialis
1318 1445 1375 1486 no-

147 1537 221 1597 bilis
241 1551 273 1599 et
296 1540 439 1620 potentis
461 1539 523 1601 viri
546 1538 673 1601 domini
703 1538 912 1600 Pinamontis
939 1538 978 1600 de
1007 1537 1207 1601 Bonaconsis
1227 1540 1274 1615 (b)
1296 1540 1374 1601 civi·

146 1655 224 1715 tntis
247 1656 384 1718 Mantue
406 1658 569 1738 capitanei
592 1657 761 1739 generalis,
783 1657 918 1718 nomine
939 1676 999 1717 suo
1015 1671 1048 1719 et
1063 1677 1211 1728 suorum,
1233 1672 1265 1719 et
1288 1657 1375 1719 Con·

143 1771 207 1848 silii
230 1787 262 1833 et
286 1770 446 1834 Comunis
463 1773 608 1835 civitatis
632 1773 779 1843 Mantue,
802 1771 842 1832 ad
865 1771 1076 1853 infrascripta
1096 1772 1279 1853 specialiter
1302 1793 1375 1834 con·

143 1889 291 1961 stitutus,
322 1905 359 1951 ut
391 1905 519 1952 constat
552 1891 776 1952 instrumento
807 1889 929 1971 scripto
959 1891 1020 1950 sub
1049 1890 1143 1972 signo
1175 1891 1375 1953 etnomine

144 2004 330 2085 Froglerini
363 2004 401 2067 de
434 2005 612 2086 Frogleriis
642 2005 725 2066 sacri
747 2003 864 2086 palacii
899 2004 1020 2084 notarij
1050 2018 1080 2066 et
1104 2019 1183 2066 tunc
1214 2004 1375 2067 Comunis

146 2119 285 2182 Mantue
316 2122 507 2196 dictatoris,
537 2123 716 2184 sindicario
747 2136 777 2182 et
812 2121 1041 2202 procuratorio
1070 2122 1203 2183 nomine
1236 2122 1373 2203 predicti

144 2231 330 2316 Capitanei,
355 2239 488 2300 nomine
510 2215 662 2320 ipsiuset
683 2257 830 2309 suorum,
846 2252 875 2299 et
893 2238 1030 2316 Consilii
1053 2252 1084 2300 et
1109 2239 1270 2300 Comunis
1284 2241 1376 2300 Man·

143 2369 201 2414 tue
222 2375 259 2415 ex
283 2356 397 2429 altera,
418 2370 678 2436 comparuerunt
710 2375 821 2416 coram
854 2354 1030 2436 magnifico
1053 2356 1126 2416 viro
1158 2355 1294 2416 domino
1317 2355 1374 2415 Al-

146 2471 239 2531 berto
255 2470 294 2531 de
310 2472 340 2531 la
357 2472 461 2542 Scala,
485 2472 597 2552 populi
614 2471 808 2533 Veronensis
822 2471 987 2553 capitanei
1009 2471 1178 2551 generalis,
1195 2484 1225 2531 et
1245 2490 1374 2531 consen·

141 2598 257 2645 serunt
279 2598 310 2646 et
332 2588 630 2666 compromiserunt
661 2587 693 2646 in
723 2606 797 2647 eum
822 2597 993 2667 tamquam
1025 2587 1057 2646 in
1082 2586 1245 2646 arbitrum
1270 2599 1301 2648 et
1324 2606 1374 2647 ar-

145 2701 338 2762 bitratorem
352 2716 384 2763 et
396 2703 539 2763 amicum
552 2722 737 2772 comunem,
750 2703 787 2764 de
800 2703 955 2763 omnibus
968 2702 1092 2773 litibus,
1105 2703 1374 2763 contentionibus

141 2817 269 2895 guerris
291 2831 321 2878 et
345 2818 485 2890 iniuriis,
501 2839 563 2898 que
578 2833 656 2880 sunt
674 2821 722 2880 vel
748 2819 907 2880 hactenus
923 2819 1070 2888 fuerunt,
1087 2819 1173 2880 inter
1188 2819 1372 2900 predictum

141 2935 317 2996 dominum
342 2936 566 2998 Marchionem
584 2952 615 2997 et
631 2938 753 2998 amicos
775 2936 884 3017 ipsius,
906 2936 966 2996 sibi
989 2937 1160 3006 subiectos,
1175 2955 1325 3016 sequaces
1342 2949 1373 2996 et

141 3051 346 3122 adherentes,
368 3053 569 3132 quicumque
591 3068 622 3114 et
647 3053 876 3132 undecumque
897 3053 974 3124 sint,
996 3067 1026 3113 et
1050 3050 1201 3113 Comune
1224 3052 1373 3124 Ferrarje

142 3179 174 3225 et
199 3165 367 3234 civitates.
390 3168 459 3228 loca
490 3183 520 3228 et
548 3183 652 3228 castra
681 3169 825 3228 subiecta
855 3167 943 3227 dicto
965 3167 1101 3227 domino
1125 3167 1311 3228 Marchioni
1335 3189 1371 3227 ex

143 3303 211 3342 una
235 3297 336 3363 parte,
359 3299 389 3344 et
413 3284 517 3364 ipsum
542 3285 714 3346 dominum
747 3284 978 3345 Pinamontem
1011 3299 1041 3344 et
1070 3304 1144 3344 suos
1167 3298 1197 3344 et
1222 3285 1373 3346 Comune

142 3399 283 3459 Mantue
306 3414 335 3459 et
358 3400 520 3461 subiectos
552 3401 640 3460 dicto
672 3401 807 3461 domino
831 3400 1035 3470 Pinamouti‚
1059 3401 1109 3460 vel
1132 3401 1230 3460 alicui
1255 3400 1308 3476 alii
1333 3399 1371 3462 de

139 3514 279 3577 civitate
301 3516 440 3578 Mantue
471 3519 518 3576 sel
552 3519 752 3597 episcopatu,
774 3532 804 3578 et
828 3530 933 3577 castra
956 3532 986 3578 et
1011 3518 1078 3578 locu
1112 3518 1254 3578 subiecta
1286 3517 1374 3586 dicto

141 3631 280 3692 domino
303 3632 495 3694 Pinamonti
520 3636 566 3694 rel
591 3635 689 3694 alicui
713 3635 769 3695 alii
788 3635 825 3694 de
844 3635 978 3695 civitate
1002 3636 1051 3694 uel
1074 3635 1260 3715 episcopatu
1281 3633 1373 3693 Man-

143 3761 201 3808 tue
222 3768 259 3808 ex
283 3750 396 3816 altera.
480 3752 520 3810 lit
544 3752 706 3812 dederunt
729 3766 759 3812 et
783 3767 1009 3812 concesserunt
1033 3752 1091 3832 ipsi
1117 3752 1288 3830 utriusque
1305 3770 1375 3830 par·

140 3863 231 3942 cium
246 3864 468 3944 predictarum
482 3865 598 3924 sindici
611 3882 641 3926 et
659 3882 895 3945 procuratores,
913 3867 1103 3927 nominibus
1128 3866 1249 3946 quibus
1264 3886 1373 3946 supra,

142 3979 248 4042 eidem
271 3981 407 4040 domino
424 3982 562 4041 Alberto
579 3981 714 4041 liberum
740 3997 932 4062 potestatem
951 3985 983 4040 in
1000 3982 1155 4041 omnibus
1176 3981 1373 4066 supradictis

139 4111 172 4156 et
189 4098 356 4186 occasione
368 4099 512 4178 ipsorum
530 4099 726 4168 arbitrandi,
750 4100 992 4180 pronunciandi
1009 4113 1040 4158 et
1057 4098 1253 4169 diffiniendi,
1269 4119 1374 4178 quan-

139 4213 327 4292 documque
349 4228 381 4274 et
404 4215 690 4294 qualitercumque
713 4217 772 4274 sibi
799 4216 968 4295 placuerit,
997 4215 1092 4274 semel
1114 4227 1144 4273 et
1170 4215 1299 4294 pluries
1322 4215 1372 4273 die

143 4327 260 4389 feriata
285 4341 315 4388 et
339 4349 405 4404 non
432 4329 556 4401 feriata,
581 4332 728 4410 portibus
751 4332 859 4390 citatis
881 4344 911 4390 et
937 4350 1002 4388 uon
1030 4329 1147 4401 citatis,
1172 4330 1374 4409 presentibus

197 4581 392 4636 (mstt’lgognrg
436 4583 599 4635 lll'igrjgnrjzir
656 4584 862 4634 (dl-'llouuculsis

226 4695 251 4737 C.
269 4696 414 4738 C11'011LA.—
430 4700 599 4751 ldr'nx'nur'srn
620 4701 705 4739 lin-«mr
725 4714 734 4734 κ
753 4700 865 4737 Jr'nummr.
