2858 4792
611 457 681 500 noe.
704 457 825 498 xxxiv:
852 439 927 519 1259

143 670 286 734 Verone
306 685 339 734 et
364 672 433 734 eius
446 671 632 744 Districtus,
653 693 708 735 seu
732 672 907 735 cuiuslibet
930 686 1016 734 terre
1037 685 1068 734 et
1091 673 1154 734 loci
1176 672 1320 736 eiusdem

142 791 298 860 strictus,
321 790 372 850 vel
394 802 510 852 contra
531 790 713 872 singulares
735 809 889 871 personas
903 790 941 852 de
964 789 1096 852 Verona
1118 802 1150 851 et
1173 789 1380 852 Veronensis

147 919 304 987 tempore
325 904 412 968 dicte
434 904 610 985 potestarie
638 905 733 978 citra,
761 905 827 967 sint
857 924 940 968 casse
963 920 993 967 et
1017 924 1102 968 vane
1129 918 1161 967 et
1186 904 1312 967 nullius
1333 926 1360 964 v:

146 1021 234 1082 loris
256 1020 344 1083 inter
368 1020 570 1083 Mantuanos
601 1034 633 1084 et
657 1021 869 1093 Veronenses,
891 1021 930 1102 ijs
950 1028 999 1097 (α)
1031 1022 1130 1083 salvis
1161 1022 1250 1103 quod
1277 1021 1303 1084 si

148 1136 250 1198 litere
261 1149 332 1207 etc,
343 1149 381 1197 ut
393 1137 541 1217 superius
553 1139 587 1198 in
600 1137 753 1218 proximo
774 1138 922 1219 capitulo
943 1138 1070 1201 dictum
1086 1152 1143 1202 est.
1225 1139 1268 1200 Et
1283 1157 1300 1200 e

150 1269 220 1324 tra,
242 1253 268 1313 si
291 1253 400 1334 alique
421 1253 565 1334 epistole,
587 1252 773 1325 decretales,
795 1255 846 1316 vel
861 1255 993 1335 papales
1008 1254 1264 1317 constitutiones
1285 1274 1308 1316 et

151 1369 253 1439 lacte,
276 1369 327 1429 vel
348 1368 457 1449 alique
477 1369 639 1431 sententie
660 1383 764 1432 essent
787 1369 853 1432 late
874 1383 990 1432 contra
1014 1371 1202 1434 libertatem

150 1499 186 1547 et
199 1499 338 1556 statum,
348 1505 403 1547 seu
416 1484 450 1546 in
466 1484 687 1567 preiudicium
704 1485 901 1550 Communis
914 1487 1053 1548 Mantue
1069 1501 1099 1548 et
1116 1485 1185 1548 eius
1261 1500 1316 1548 trit

148 1621 211 1662 seu
235 1601 408 1663 cuiuslibet
431 1615 517 1663 terre
545 1614 576 1663 et
599 1601 661 1664 loci
683 1601 827 1664 eiusdem
852 1601 1040 1676 Disttictus,
1062 1603 1114 1665 vel
1138 1615 1248 1665 contra

151 1719 242 1779 lares
263 1735 415 1798 personas
436 1717 476 1778 de
497 1718 640 1780 Mantua
662 1730 694 1780 et
717 1717 915 1793 Mantuano,
938 1738 956 1780 a
979 1733 1126 1798 tempore
1142 1719 1228 1781 dicte
1251 1731 1324 1799 pote

152 1834 204 1896 rie
224 1833 317 1905 citra,
332 1833 398 1895 sint
419 1809 504 1896 casse
525 1847 557 1896 et
580 1854 664 1896 vane
685 1847 717 1896 et
740 1834 865 1896 nullius
887 1835 1008 1896 valoris
1031 1835 1117 1897 inter
1137 1835 1284 1899 Mantua:

155 1949 362 2011 Veronenses
382 1949 440 2026 (b),
467 1949 506 2032 ijs
526 1954 573 2026 (e)
600 1950 709 2023 salvis,
730 1951 818 2031 quod
840 1950 866 2010 si
889 1969 953 2031 que
975 1950 1068 2012 litere
1090 1965 1162 2022 etc„
1184 1964 1221 2013 ut
1243 1970 1320 2032 supe

152 2067 193 2128 in
218 2067 370 2148 proximo
392 2067 538 2148 capitulo
560 2067 686 2128 dictum
709 2081 765 2128 est.

240 2181 316 2262 [Vl]
339 2182 420 2244 ltem
442 2183 531 2264 quod
553 2183 665 2244 omnia
688 2196 804 2254 castra,
827 2184 908 2255 loca,
925 2197 1010 2246 terre
1027 2183 1087 2260 (d),
1109 2184 1320 2265 possessiones

153 2299 264 2379 quasi,
286 2318 370 2378 aque
385 2313 415 2360 et
432 2299 567 2380 paludes
589 2296 786 2360 Communis
809 2298 938 2361 Verone
953 2314 984 2362 et
1000 2301 1221 2381 singularium
1241 2320 1288 2382 per

155 2436 236 2478 rum
259 2416 297 2478 de
320 2415 451 2478 Verona
473 2431 504 2476 et
528 2416 720 2487 Veronensi,
753 2436 815 2497 que
836 2417 1031 2478 detinentur
1053 2436 1108 2497 per
1133 2416 1276 2478 Commu

153 2532 341 2612 singulares
363 2551 515 2612 personas
530 2533 568 2593 de
586 2533 726 2593 Mantua
750 2546 781 2594 et
806 2533 1003 2604 Mantuam,
1025 2533 1247 2594 restituantur

157 2663 216 2710 tur
240 2647 421 2710 Communi
445 2648 573 2716 Verone
598 2650 646 2709 vel
670 2649 893 2729 singularibus
916 2649 1071 2730 personis,
1086 2648 1208 2730 quibus

154 2765 198 2825 de
222 2764 304 2834 iure,
318 2764 415 2858 sal-vis
428 2764 583 2825 omnibus
607 2765 825 2836 testamentis,
847 2765 1072 2826 contractibus
1088 2778 1119 2827 et
1136 2765 1228 2827 alien

155 2882 246 2942 iuste
269 2879 379 2956 factis;
401 2895 433 2943 et
455 2899 471 2940 e
493 2895 620 2953 contra,
635 2882 747 2942 omnia
764 2897 880 2953 castra,
903 2883 983 2953 loca,
1006 2895 1101 2952 terre,
1118 2901 1224 2963 posses:

154 2996 266 3078 quasi,
289 3015 372 3076 aque
394 3010 425 3057 et
447 2997 582 3078 paludes
604 2995 800 3059 Communis
823 2999 971 3070 Mantue,
985 2999 1035 3060 vel
1050 2999 1228 3078 singularis

156 3132 284 3176 nurum
307 3090 345 3175 de
368 3114 508 3176 Mantua
530 3126 562 3175 et
586 3115 782 3185 Mantuana,
812 3134 874 3194 que
896 3115 1088 3176 detinentur
1113 3135 1168 3194 per
1197 3114 1228 3174 C«

156 3231 212 3292 vel
235 3231 415 3312 singulares
438 3251 591 3312 personas
613 3231 651 3291 de
674 3232 804 3292 Verona
837 3246 869 3294 et
896 3232 1076 3293 Veronensi
1110 3233 1224 3294 restitu

154 3347 284 3410 dentur
307 3346 489 3408 Communi
513 3347 662 3417 Mantue,
684 3348 734 3408 vel
757 3347 981 3428 singularibus
1004 3348 1158 3428 personis,

157 3464 273 3526 tinent
295 3463 334 3524 de
356 3463 436 3534 iure,
452 3462 550 3524 salvis
572 3464 726 3524 omnibus
745 3463 959 3534 testamentis,
975 3464 1172 3525 contractibr

156 3579 312 3643 tionibus
334 3579 417 3639 iuste
441 3579 543 3640 factis.

243 3693 336 3775 [Vll]
369 3695 449 3756 ltem
478 3694 504 3754 si
533 3696 622 3776 quod
654 3710 898 3756 sacramentum
932 3696 1015 3756 foret
1050 3695 1096 3756 lac

157 3828 265 3872 mune
287 3822 319 3871 et
343 3809 502 3871 Homines
526 3811 664 3872 Mantue
687 3831 760 3871 eum
780 3812 892 3892 aliquo
915 3810 1020 3871 Comn

153 3925 271 4008 gulari
294 3945 441 4006 persona,
464 3946 519 4007 per
542 3927 629 4006 quod
656 3943 848 3989 tenerentur
871 3928 1015 3988 olle-ndei

157 4042 269 4102 mines
292 4040 419 4103 Verone
435 4043 546 4103 eteius
569 4042 747 4114 districtus,
772 4045 821 4103 uel
841 4044 988 4124 aliquast

158 4155 296 4217 Verona
318 4169 350 4217 et
374 4157 565 4228 Veronensi,
587 4158 627 4216 sit
651 4178 775 4219 cassum
798 4173 827 4219 et
853 4180 974 4219 r'anum

155 4273 226 4333 isto
247 4287 453 4334 sacramento
475 4275 561 4355 pacis
592 4289 768 4334 teneantur
797 4276 852 4335 illa
882 4296 988 4335 sacrat

215 4490 371 4546 (amidae.
391 4500 619 4548 jonov.1259:lris
649 4499 681 4548 tl)
719 4511 861 4547 aragonia-¹.
898 4509 939 4548 5¹:
973 4496 988 4535 ἰ

157 4567 224 4608 doec.
237 4578 269 4616 30
283 4579 333 4607 nov.
349 4578 418 4621 1259:
433 4570 465 4608 liis
493 4570 529 4622 (cl)
545 4570 761 4619 ,l2›l‹lac.301a›z›.
785 4580 817 4608 ,νὴ
837 4584 896 4616 regin
931 4584 988 4616 t,ri

158 4649 184 4678 et
201 4648 293 4678 manca.
