2834 4792
97 477 137 535 tio
399 499 569 539 nreazrosr
593 501 652 540 rna
677 500 806 542 venosa
830 500 848 538 ε
872 499 1025 540 uasrova

97 707 184 769 dicta
206 710 360 771 socictate
382 710 544 773 firmanda
567 725 599 772 et
623 729 682 792 pro
710 711 866 772 omnibus
887 709 1118 792 adimplendis,
1141 709 1330 780 firmandis,

96 828 329 907 promittendis
349 844 382 890 et
414 829 600 909 obligandis
621 828 811 899 videbitur,
845 847 908 909 que
941 827 1096 908 predictis
1116 826 1272 887 omnibus
1293 839 1325 887 et

94 943 233 1025 singulis
257 945 380 1009 luerint
402 961 591 1027 opportuna
604 965 613 1021 ;
644 945 702 1026 qui
724 944 841 1005 sindici
863 943 1006 1024 eligendi
1034 963 1052 1004 a
1074 942 1163 1003 dicto
1185 941 1325 1003 domino

96 1060 287 1124 marchione
307 1064 433 1124 Estensi
445 1078 477 1125 et
493 1063 614 1124 comite
630 1062 758 1123 Verone
773 1076 804 1122 et
820 1077 981 1142 potestate
996 1061 1134 1122 Mantue
1149 1078 1210 1139 pro
1225 1055 1327 1120 Com-

97 1180 192 1240 muni
217 1180 366 1249 Mantue,
386 1180 471 1241 sicut
493 1199 569 1241 vere
588 1180 705 1241 sindici
728 1180 928 1243 Communis
951 1179 1089 1239 Mantue
1111 1190 1142 1237 et
1165 1176 1250 1254 [per]
1273 1181 1326 1248 (a)

96 1295 282 1358 Consilium
297 1296 435 1357 Mantue
455 1296 560 1366 electi,
580 1296 699 1358 statuti
714 1311 746 1357 et
766 1295 901 1365 firmati,
920 1296 1043 1374 possint
1061 1305 1092 1353 et
1111 1292 1251 1354 debcant
1268 1310 1328 1371 pro

96 1411 278 1473 Communi
297 1413 434 1474 Mantua
450 1412 582 1474 firmare
604 1412 726 1473 dictam
742 1413 929 1473 societatem
946 1425 978 1471 et
993 1408 1203 1470 concordiam
1226 1407 1325 1468 simul

96 1547 171 1589 cum
195 1528 332 1589 domino
353 1533 465 1589 Azone
489 1528 548 1590 Dei
569 1543 601 1590 et
624 1528 801 1609 apostolica
825 1527 960 1607 [gratia]
981 1532 1031 1602 (a)
1059 1526 1185 1587 Estensi
1207 1540 1239 1586 et
1262 1528 1329 1584 An·

95 1644 253 1705 conitano
276 1645 466 1705 marchione
488 1659 519 1706 et
543 1645 699 1724 Lodoyco
727 1644 847 1705 comite
871 1643 999 1705 Verone
1022 1657 1053 1703 et
1082 1638 1327 1702 Communibus

96 1759 247 1822 Ferraria
267 1775 299 1822 et
322 1761 445 1831 Padue,
465 1781 520 1822 seu
553 1762 619 1823 suis
651 1761 922 1842 procuratoribus
943 1773 975 1821 et
1000 1760 1142 1830 sindicis,
1171 1778 1245 1819 cum
1269 1756 1326 1817 do·

96 1876 187 1936 mino
210 1876 337 1938 Uberto
360 1878 550 1940 marchione
572 1878 775 1939 Pellavicino
797 1894 828 1939 et
851 1877 988 1938 domino
1011 1876 1107 1936 Bosio
1124 1875 1163 1935 de
1181 1873 1325 1934 Dovaria

94 2003 124 2050 et
148 1990 329 2053 Communi
346 1993 509 2055 Cremone
527 2014 588 2074 pro
608 2015 640 2054 se
661 2009 693 2055 et
708 1994 863 2054 omnibus
885 2012 1000 2054 eorum
1017 1991 1130 2052 amicis
1151 1989 1325 2069 utriusque

94 2107 205 2187 partis,
228 2108 320 2168 iuxta
345 2107 485 2169 formam
508 2111 734 2187 capitulorum
758 2108 843 2170 dicte
865 2108 1068 2186 societ[at]is,
1093 2121 1125 2167 et
1148 2105 1188 2166 ad
1211 2103 1323 2165 omnia

94 2223 159 2283 alia
175 2236 205 2283 et
219 2224 349 2302 singula
367 2225 463 2284 utilia
481 2240 513 2286 et
531 2224 707 2286 necessaria
726 2245 785 2305 pro
801 2224 981 2285 Communi
1007 2224 1144 2283 hlantue
1168 2221 1271 2281 facere
1292 2232 1325 2280 et

95 2336 236 2407 firmare,
259 2340 452 2419 promittere
474 2355 505 2401 et
528 2342 676 2420 obligare
687 2361 695 2416 ;
728 2360 857 2421 queque
887 2359 984 2420 super
1010 2339 1163 2417 predictis
1191 2351 1222 2398 et
1252 2337 1326 2396 aliis

94 2453 243 2523 utilibus,
256 2456 441 2515 necessariis
462 2456 546 2516 circa
570 2477 605 2517 ea
621 2455 744 2517 fuerint
764 2470 942 2537 oportuna,
957 2469 994 2516 ut
1010 2473 1138 2536 queque
1161 2473 1216 2534 per
1239 2452 1326 2534 ipsos

92 2568 233 2630 sindicos
250 2570 345 2642 facta,
369 2570 510 2645 hrmata,
535 2573 690 2651 promissa
706 2587 737 2633 et
753 2573 899 2652 obligata
918 2570 1042 2631 fuerint
1058 2590 1154 2650 super
1177 2569 1230 2637 eis,
1244 2588 1322 2629 sem·

93 2701 148 2762 per
158 2698 188 2744 et
203 2699 361 2765 perpetuo
375 2706 433 2764 pro
446 2685 625 2747 Communi
643 2688 780 2747 llantue
793 2686 1023 2748 attendantur.
1082 2685 1118 2745 ln
1131 2685 1223 2745 cuius
1236 2682 1324 2743 Con-

92 2799 155 2858 silii
179 2801 425 2871 reformatione,
449 2802 532 2861 facta
558 2802 681 2881 partita
705 2802 744 2861 ad
767 2803 961 2882 columpnas
973 2802 1019 2876 (h)
1044 2800 1160 2880 palacii
1194 2819 1248 2879 per
1272 2817 1325 2878 po·

92 2926 254 2986 testatem,
273 2916 400 2994 placuit
424 2919 588 2988 omnibus,
610 2918 645 2978 in
669 2917 823 2977 omnibus
846 2932 877 2977 et
899 2918 1036 2996 singulis
1053 2917 1178 2976 dictum
1204 2913 1324 2995 prelati

92 3029 218 3089 domini
242 3030 466 3092 Bartholamei
490 3033 528 3093 de
551 3034 747 3103 Nusolono,
775 3035 857 3094 sicut
882 3054 941 3113 pro
965 3034 1123 3093 Ancianis
1150 3031 1269 3111 Populi
1291 3044 1324 3091 et

93 3145 220 3226 Populo
238 3147 375 3208 Mantue
393 3150 571 3218 consuluit,
590 3163 626 3209 ut
652 3152 683 3209 in
708 3149 796 3210 dicto
819 3170 877 3209 suo
898 3150 1047 3228 superius
1066 3148 1275 3219 continetur;
1291 3159 1323 3205 et

91 3265 134 3322 sic
157 3264 213 3333 ihi,
239 3265 412 3325 voluntate
436 3266 609 3326 hominum
634 3266 943 3338 dictieConsilii(e),
966 3266 1073 3326 dictus
1087 3264 1242 3324 dominus
1261 3260 1324 3321 Ca-

93 3380 221 3438 telanus
236 3381 374 3441 condam
393 3381 518 3441 domini
537 3381 702 3442 Guidonis
717 3383 848 3442 domine
870 3382 993 3452 Hostia,
1017 3396 1157 3462 potestas
1176 3381 1324 3449 llantue,

92 3513 150 3574 pro
166 3494 346 3555 Communi
366 3497 503 3556 hlantue
520 3512 549 3557 et
568 3500 674 3577 ipsum
692 3498 877 3558 Consilium
897 3518 955 3577 pro
972 3498 1153 3558 Communi
1172 3496 1322 3564 llantue,

91 3611 259 3690 elegerunt
273 3626 303 3671 et
316 3627 505 3672 statuerunt
519 3634 555 3672 ex
572 3635 659 3674 nunc
673 3615 705 3674 in
720 3615 860 3674 sindicos
873 3614 1068 3675 Communis
1084 3615 1230 3681 illumne,
1241 3629 1323 3690 quos

90 3724 244 3784 dominus
268 3727 415 3786 marchio
442 3729 583 3788 Estensis
604 3746 635 3789 et
661 3730 833 3809 Lodoycus
856 3751 961 3790 comes
985 3730 1110 3789 Verona
1133 3748 1229 3808 super
1253 3746 1323 3806 pre·

92 3841 193 3898 missis
209 3841 392 3921 duxeri[n]t
406 3844 570 3923 eligendos
586 3847 635 3919 (al)
651 3866 724 3906 cum
739 3847 874 3906 domino
885 3861 1045 3925 potestate
1061 3846 1215 3917 llantue;
1232 3842 1317 3922 [qui]

89 3956 204 4014 sindici
219 3959 416 4020 auctoritate
434 3960 531 4021 huius
548 3961 684 4037 Consilii
700 3983 758 4041 pro
781 3963 961 4021 Communi
982 3963 1117 4021 llantue
1138 3961 1260 4041 possint
1279 3960 1292 4018 f
1311 3995 1323 4004 -

89 4090 157 4129 cere
181 4086 211 4130 et
235 4075 426 4150 promittere
450 4092 478 4136 et
504 4077 634 4137 firmare
657 4094 686 4138 et
710 4080 855 4155 obligare
880 4098 1009 4156 queque
1039 4097 1136 4155 super
1162 4077 1323 4158 premissis

91 4186 213 4247 luerint
236 4204 413 4267 oportuna,
437 4208 465 4251 et
490 4193 571 4252 sicut
597 4195 628 4252 in
653 4195 807 4253 omnihus
832 4194 1014 4253 necessariis
1037 4194 1128 4252 electi
1147 4210 1177 4253 et
1201 4191 1320 4252 statuti

92 4301 213 4363 luerint
237 4326 253 4364 a
278 4306 413 4367 domino
431 4309 620 4368 marchione
644 4310 768 4369 listensi
788 4324 818 4368 et
836 4331 851 4367 a
872 4309 1007 4367 domino
1031 4308 1187 4389 lodoyco
1202 4308 1322 4367 comite

92 4417 440 4470 h'errirr1=etnnrr·ctnrn
467 4426 602 4470 hltrritrw
631 4426 827 4471 rrrrctriritzrtr·
848 4425 943 4470 liniris
961 4423 1117 4470 Consilii·
1144 4439 1173 4470 nt
1195 4442 1323 4470 irrisurus*
