2858 4792
102 460 140 522 86
404 479 574 521 nataztour
599 481 659 520 raa
683 479 811 521 venosa
834 480 853 520 n
877 479 1029 522 naurova

98 710 179 754 rona
198 705 229 753 et
246 691 438 762 Veronensi,
461 711 479 752 a
502 709 713 771 quocumque
735 691 884 763 domino,
905 692 973 753 sive
990 692 1090 772 Papa,
1104 693 1172 756 sive
1188 695 1331 774 Impera·

97 821 178 878 tore,
199 807 267 867 sive
288 807 406 887 legato,
439 805 489 866 vel
522 805 656 876 vicario,
689 807 739 867 vel
761 827 779 868 a
801 793 1014 889 quacumque
1036 809 1100 870 alia
1123 829 1259 891 persona
1282 828 1330 871 ec-

95 923 272 985 clesiastica
296 923 346 984 vel
368 922 507 984 seculari
529 941 547 982 a
570 935 718 1004 tempore
741 923 917 1004 potestarie
938 923 1066 988 domini
1091 925 1250 1008 Raynerij
1275 927 1331 1011 lje·

97 1038 194 1101 nonis
215 1040 254 1101 de
276 1038 425 1100 Veneciis
445 1043 495 1113 (a)
516 1037 611 1110 citra,
638 1037 706 1099 sint
733 1058 818 1100 casse
847 1052 877 1101 et
900 1059 984 1102 vane
1006 1054 1037 1103 et
1060 1041 1186 1103 nullius
1210 1042 1331 1103 valoris

96 1155 184 1217 inter
208 1154 411 1216 Veronenses
432 1167 463 1216 et
486 1154 699 1226 Mantuanos,
714 1174 751 1216 eo
766 1157 857 1217 salvo
872 1156 961 1237 quod
982 1157 1008 1218 si
1030 1177 1095 1239 que
1115 1158 1208 1220 litere
1231 1158 1331 1241 impe·

98 1286 185 1335 trate
197 1286 303 1334 essent
320 1291 375 1353 per
388 1272 535 1351 aliquam
548 1270 652 1332 civem
669 1272 819 1344 Mantue,
834 1273 884 1333 vel
900 1273 966 1355 [de]
983 1273 1053 1336 eius
1066 1274 1219 1337 districtu
1234 1295 1334 1358 super

100 1391 213 1472 aliquo
237 1388 404 1459 beneficio,
418 1407 474 1449 seu
490 1388 671 1469 prelatura,
687 1408 704 1449 a
720 1407 851 1450 summo
868 1388 1028 1452 pontifice
1046 1392 1095 1453 vel
1109 1395 1178 1454 eius
1190 1393 1332 1476 Legatis,

101 1505 191 1590 quod
212 1508 277 1588 ipse
300 1506 404 1577 litere,
426 1505 492 1566 sint
516 1504 550 1565 in
572 1523 632 1565 suo
653 1518 744 1567 statu
767 1519 798 1566 et
820 1525 880 1568 sua
905 1505 1074 1580 firmitate,
1106 1509 1186 1572 dum
1220 1525 1330 1575 tamen

98 1645 212 1689 omnes
232 1623 340 1686 clerici
362 1622 420 1704 qui
442 1634 520 1683 sunt
544 1622 578 1682 in
602 1621 797 1703 possessione
819 1624 869 1685 vel
893 1624 986 1704 quasi
1020 1625 1160 1687 alicuius
1183 1627 1328 1710 beneficij

98 1743 148 1804 vel
161 1742 338 1824 prelature,
354 1751 548 1802 remaneant
564 1739 599 1799 in
611 1758 669 1799 sua
692 1739 899 1820 possessione,
913 1741 962 1801 vel
986 1742 1089 1821 quasi.
1174 1745 1217 1806 Et
1231 1746 1331 1808 salvis

99 1859 201 1921 eciam
223 1857 379 1919 omnibus
408 1853 627 1924 testamentis,
649 1854 876 1914 contractibus
903 1870 934 1915 et
968 1855 1227 1921 alienationibus
1250 1860 1334 1924 iuste

101 1974 204 2036 lactis.
295 1973 337 2032 Et
358 1992 375 2032 e
397 1983 523 2041 contra,
553 1969 665 2030 omnia
688 1984 720 2031 et
742 1969 873 2052 singula
903 1971 1076 2053 privilegia
1106 1989 1137 2036 et
1167 1996 1280 2039 omnes
1302 1993 1334 2040 et

100 2092 228 2173 singule
250 2089 470 2151 concessiones
492 2099 523 2148 et
546 2086 770 2148 iurisditiones
792 2086 979 2169 impetrate,
1013 2091 1063 2151 vel
1093 2091 1256 2172 adquisite
1278 2115 1335 2176 per

104 2206 291 2269 Commune
309 2205 447 2274 Verone,
463 2203 513 2263 vel
530 2202 610 2263 alias
625 2201 810 2282 singulares
832 2223 985 2284 personas
1007 2204 1045 2265 de
1069 2205 1210 2280 Verona,
1223 2211 1274 2270 vel
1290 2210 1338 2287 (b)

102 2321 349 2391 eiusdistrictu,
370 2332 487 2381 contra
511 2319 710 2390 libertatem,
735 2317 893 2380 honorem
916 2333 947 2381 et
970 2336 1107 2394 statum,
1133 2343 1188 2384 seu
1211 2326 1246 2386 in
1269 2345 1341 2408 pre-

104 2441 264 2502 iudicium
279 2439 476 2501 Communis
500 2437 638 2497 Mantue
659 2448 690 2496 et
714 2437 781 2496 eius
797 2435 974 2498 Distrietus
988 2458 1043 2498 seu
1060 2440 1235 2502 cuiuslibet
1254 2455 1342 2505 terre

101 2573 135 2619 et
157 2557 220 2618 loci
243 2556 386 2618 eiusdem
402 2554 588 2622 Districtus,
611 2553 661 2612 vel
681 2567 796 2612 contra
818 2553 1001 2632 singulares
1024 2575 1178 2634 personas
1192 2556 1232 2617 de
1249 2557 1343 2619 Man·

103 2689 166 2737 tua
180 2687 211 2736 et
227 2673 412 2734 Mantuana
429 2691 446 2732 a
460 2689 670 2750 quacumque
682 2667 829 2740 domino,
844 2669 911 2729 sive
926 2669 1025 2750 Papa,
1037 2670 1103 2731 sive
1127 2670 1341 2752 Imperatore,

100 2793 168 2852 sive
191 2789 309 2868 legato
322 2788 373 2848 vel
390 2785 524 2858 vicario,
541 2786 591 2846 vel
610 2807 627 2846 a
644 2804 855 2866 quacumque
871 2786 935 2846 alia
959 2806 1096 2866 persona
1123 2789 1337 2852 ecclesiastica

105 2907 154 2967 vel
178 2906 327 2976 seculari,
350 2925 366 2964 a
390 2916 536 2985 tempore
560 2903 736 2983 potestarie
769 2903 848 2964 dicti
870 2910 915 2979 (e)
942 2904 1068 2965 domini
1094 2906 1254 2986 Raynerii
1278 2909 1339 2992 §e-

105 3022 200 3082 nonis
222 3021 260 3082 de
284 3020 431 3080 Veneriis
453 3019 547 3088 citra,
568 3019 635 3079 sint
651 3038 735 3078 casse
757 3033 788 3079 et
812 3039 895 3080 vane
910 3033 941 3080 et
958 3021 1083 3081 nullius
1106 3022 1227 3082 valoris
1250 3023 1338 3085 inter

105 3138 269 3197 Veronam
294 3151 325 3197 et
350 3137 524 3195 Mantuam
547 3135 616 3210 (d);
639 3153 676 3194 eo
699 3136 790 3194 salvo
806 3136 894 3214 quod
918 3137 943 3195 si
967 3157 1030 3216 que
1051 3138 1145 3199 litere
1161 3139 1337 3220 impetrate

103 3267 206 3314 essent
231 3272 286 3333 per
309 3253 452 3332 aliquem
470 3252 574 3312 civem
600 3251 738 3320 Verone,
755 3252 804 3310 vel
822 3252 890 3310 eius
909 3253 1087 3325 districtus,
1110 3275 1207 3335 snper
1223 3257 1337 3337 aliquo

106 3368 262 3430 beneficio
279 3388 333 3429 seu
350 3377 394 3443 (e)
411 3370 577 3449 prelatura
592 3389 608 3427 a
622 3388 752 3428 summo
765 3367 925 3429 Pontilice
944 3370 993 3430 vel
1010 3372 1079 3431 eins
1097 3371 1230 3453 legato,
1246 3375 1335 3453 quod

103 3486 169 3566 ipse
192 3487 284 3546 litere
306 3487 372 3546 sint
397 3487 429 3544 in
452 3506 510 3544 suo
532 3500 620 3544 statu
655 3497 686 3544 et
708 3504 766 3543 suo
790 3484 956 3556 firmitate,
980 3486 1058 3547 dum
1083 3503 1193 3548 tatnen
1224 3508 1337 3550 omnes

103 3602 222 3672 elerici,
244 3601 401 3682 quisunt
425 3602 457 3661 in
484 3602 687 3681 possessione,
722 3601 771 3659 vel
805 3603 907 3680 quasi,
938 3603 1077 3664 alieuius
1108 3604 1252 3684 benetieij
1285 3607 1336 3666 vel

105 3721 270 3799 prelature
295 3732 486 3778 remaneant
511 3721 544 3778 in
567 3738 624 3776 sua
649 3718 843 3797 possessione
866 3718 914 3778 vel
939 3721 1042 3798 qnasi,
1065 3735 1094 3781 et
1118 3722 1215 3781 salsis
1231 3722 1334 3782 eciam

104 3835 259 3894 omnibus
280 3834 494 3904 testamentis,
517 3834 743 3893 contractibus
766 3848 796 3893 et
820 3836 1077 3896 alienationibus
1103 3839 1187 3899 inste
1211 3838 1314 3899 factis

185 3953 242 4030 [V]
268 3952 348 4011 ltem
372 3952 460 4031 quoti
483 3953 507 4009 si
533 3952 641 4030 alique
664 3952 808 4029 epistole,
831 3952 1015 4024 decretales,
1040 3955 1089 4013 vel
1113 3956 1242 4035 papales
1265 3974 1337 4016 con-

102 4067 293 4127 stitutiones
315 4084 417 4127 essent
443 4068 538 4138 lacta,
563 4068 610 4126 sel
635 4069 744 4146 alique
766 4070 925 4128 sententie
949 4085 1051 4130 essent
1074 4072 1139 4132 late
1162 4087 1277 4132 eontra
1301 4071 1338 4132 li-

105 4181 262 4226 insererem
278 4197 307 4228 ot
325 4189 337 4228 (
353 4184 387 4228 t'l
413 4184 567 4228 latitirirom
587 4198 616 4228 nr
633 4200 756 4230 etnttttm
785 4205 836 4230 <1³11
858 4187 887 4230 im
907 4187 1123 4230 lirniinlieiirm
1142 4187 1257 4230 Pomm
1275 4207 1307 4230 rs
