2858 4792
108 480 162 543 ro8
406 501 576 544 nstxzroxr
599 501 659 543 xxx
683 500 810 544 vnxoxx
834 501 854 544 r:
877 501 1028 544 xxxrovx

103 605 261 620 m

103 737 139 778 ac
162 717 357 780 Folcalkerii
379 716 507 791 Comes,
529 737 585 799 per
608 735 736 798 presens
757 719 918 800 scriptum
943 732 1061 780 notum
1095 717 1234 782 facimus
1262 719 1336 782 uni·

102 835 201 896 versis
222 848 291 898 tarn
322 834 536 917 presentibus,
562 854 663 916 quam
687 836 819 907 futuris,
847 835 936 917 quod
967 853 1024 895 nos
1053 833 1247 916 pactionum
1271 841 1334 911 (a),

101 951 365 1033 colligationum,
385 952 550 1015 societatis
566 968 598 1015 et
621 953 766 1015 amicitie
789 953 895 1015 federa
928 953 1016 1014 inter
1041 949 1252 1015 serenitatem
1276 972 1332 1015 no·

100 1084 203 1131 stram
225 1091 263 1132 ex
287 1083 381 1151 parte
403 1089 469 1131 una
484 1070 543 1146 (b),
564 1083 596 1132 et
618 1083 848 1152 procuratores
862 1089 917 1131 seu
932 1069 1085 1151 syndicos
1099 1074 1147 1144 (c)
1164 1069 1328 1131 nobilium

100 1188 250 1250 virorum
279 1187 455 1251 Obiczonis
476 1188 526 1264 (d)
548 1188 749 1251 marchionis
777 1188 920 1250 Estensis
948 1203 980 1250 et
1011 1185 1172 1249 Ludovici
1200 1185 1333 1251 comitis

101 1303 307 1377 Veronensis,
330 1323 466 1366 necnon
490 1304 676 1367 Mantuane
690 1323 727 1366 ac
742 1303 962 1366 Ferrariensis
977 1302 1248 1376 Comunitatum,
1271 1322 1326 1364 no·

99 1422 188 1484 mine
203 1429 248 1498 (e)
274 1423 421 1504 ipsorum
443 1422 657 1494 Marchionis‚
675 1421 817 1485 Comitis
832 1437 863 1485 et
881 1421 1141 1485 Comunitatum
1156 1443 1193 1485 ex
1211 1423 1330 1492 altera,

100 1557 205 1618 nuper
227 1539 312 1601 inita
335 1538 539 1601 ratificamus
559 1553 591 1602 et
613 1541 847 1621 approbamus,
878 1554 910 1601 et
933 1539 972 1601 de
1000 1537 1075 1612 illis,
1097 1553 1263 1620 quantum
1286 1539 1327 1599 ad

100 1672 158 1714 nos
170 1653 323 1735 pertinet,
338 1655 560 1728 observandis,
575 1675 632 1738 per
648 1655 878 1719 Alexandrum
901 1653 1057 1718 clericum
1081 1669 1233 1716 nostrum
1259 1674 1331 1741 pre·¹

97 1771 179 1831 stari
198 1769 333 1832 fecimus
354 1771 550 1833 inanimam
574 1787 733 1844 nostram,
746 1772 840 1834 nobis
858 1770 1062 1853 presentibus
1078 1769 1146 1854 (f),
1166 1771 1330 1833 iuramen-

99 1900 183 1962 tum,
206 1906 242 1948 ac
257 1907 385 1969 presens
399 1888 570 1970 scriptum,
586 1888 620 1949 in
644 1908 710 1969 quo
726 1902 816 1950 totus
832 1902 926 1949 tenor
949 1886 1164 1949 instrumenti
1187 1886 1328 1949 conlecti

97 2023 193 2086 super
224 2005 416 2067 eorumdem
441 2005 587 2067 sedarum
622 2005 753 2087 negotio
775 2018 957 2066 annotatus
986 2018 1043 2076 est,
1064 2003 1181 2066 exinde
1203 2003 1273 2065 fieri
1294 2019 1326 2066 et

95 2121 203 2201 sigillo
215 2123 395 2184 maiestatis
411 2136 520 2183 nostre
542 2121 583 2184 ad
599 2136 791 2204 perpetuam
811 2120 855 2182 rei
872 2120 1064 2182 memoriam
1077 2121 1230 2182 iussimus
1245 2140 1329 2182 com·

97 2237 232 2300 muniri.
315 2238 427 2300 Tenor
449 2252 560 2300 autem
585 2238 723 2320 predicti
746 2235 961 2298 instrumenti
984 2238 1059 2298 talis
1074 2251 1131 2298 est.
1216 2236 1251 2297 ln
1275 2243 1328 2319 (g)

98 2355 231 2417 nomine
255 2355 389 2417 Domini
412 2376 518 2426 amen,
542 2375 631 2418 anno
656 2354 799 2418 eiusdem
824 2327 954 2418 ilde
969 2373 977 2391 ·
993 2356 1065 2417 va
1085 2375 1093 2390 ·
1115 2353 1329 2437 pontificatus

95 2471 223 2533 domini
254 2471 435 2533 Clementis
463 2492 545 2555 pape
567 2475 725 2548 ·1ns·(l1)
749 2492 838 2534 anno
860 2473 979 2554 primo,
996 2471 1065 2533 ind.
1087 2489 1169 2531 ·vnr
1187 2489 1205 2544 ·‚
1228 2470 1325 2532 nonis

96 2588 227 2668 augusti
243 2589 293 2664 (i).
365 2588 425 2649 Per
442 2589 502 2649 hoc
526 2589 698 2672 publicum
714 2589 974 2652 instrumentum
994 2605 1110 2652 notum
1129 2589 1170 2650 sit
1186 2588 1326 2658 cunctis,

96 2722 164 2767 tam
188 2705 402 2787 presentibus,
433 2726 533 2786 quam
565 2706 696 2777 futuris,
719 2706 809 2787 quod
832 2707 871 2768 ad
902 2706 1060 2776 honorem
1093 2706 1151 2767 Dei
1177 2720 1209 2766 et
1232 2706 1326 2766 beate

97 2823 200 2883 Maria
222 2842 348 2903 semper
377 2823 523 2904 Virginis
551 2837 581 2885 et
613 2824 731 2887 Sancte
756 2825 905 2886 Romane
934 2825 1074 2885 Ecclesie
1101 2821 1327 2903 infrascriptas

96 2940 261 3019 pactiones
284 2953 316 3001 et
342 2939 584 3019 collegationes,
607 2939 769 3000 amicitias
784 2941 823 3012 (l)
845 2955 876 3000 et
892 2939 1079 3000 societatem
1105 2937 1263 3009 fecerunt,
1279 2957 1328 2998 ex·

93 3055 343 3116 cellentissimus
365 3055 519 3116 dominus
544 3056 757 3130 Karolus(m)
782 3056 840 3116 Dei
864 3055 971 3136 gratia
996 3055 1062 3116 Rex
1088 3053 1207 3126 Sicilie,
1229 3054 1328 3114 duca·

95 3187 147 3231 tus
166 3171 297 3250 Apulia,
320 3190 355 3231 ac
371 3177 421 3246 (n)
444 3171 649 3252 principatus
673 3170 796 3252 Capua,
819 3171 959 3232 Senator
982 3171 1066 3231 alme
1092 3169 1200 3240 Urbis,
1221 3188 1328 3231 comes

94 3287 295 3368 ,andegavie
312 3287 495 3356 Provincie,
511 3307 547 3348 ac
565 3287 758 3347 Folcalkcrii
775 3302 806 3347 et
823 3286 972 3347 marchio
995 3286 1169 3347 Provincie
1190 3292 1248 3360 (o),
1268 3305 1326 3345 no-

94 3403 182 3464 mine
203 3422 262 3463 suo
285 3418 315 3464 ct
339 3402 483 3463 liliorum
505 3423 641 3463 suorum
668 3419 699 3464 et
725 3410 774 3484 (p)
796 3402 941 3463 liliorum
958 3401 1103 3463 filiorum
1126 3421 1264 3462 suorum
1288 3422 1326 3462 ex

95 3539 159 3579 una
185 3534 288 3600 parte,
342 3539 377 3579 ac
390 3520 566 3599 prudentes
580 3520 641 3579 viri
660 3519 868 3580 Pausaninus
883 3526 930 3600 (q)
953 3520 991 3580 de
1014 3519 1145 3579 Turclis
1160 3532 1191 3580 et
1209 3517 1329 3579 Petrus

92 3637 130 3696 de
145 3636 289 3698 Misoctis
310 3642 368 3710 (r),
394 3649 622 3717 procuratores
648 3636 767 3696 nobilis
791 3636 853 3696 viri
877 3635 1052 3716 Opiczonis
1067 3632 1329 3709 (s)marchionis

92 3749 235 3808 Estensis
257 3763 287 3810 et
310 3748 539 3809 Arrchonitani
563 3754 602 3822 (t)
634 3762 664 3809 et
687 3748 814 3829 syndici
838 3756 888 3823 (u)
915 3747 1076 3808 Comunis
1105 3746 1267 3818 Ferrarie,
1290 3761 1323 3809 et

92 3863 266 3945 Philippus
288 3865 325 3926 de
349 3863 511 3945 Capharis
533 3871 579 3937 (v)
595 3878 626 3925 et
649 3863 845 3944 Aynrericus
867 3864 905 3924 de
929 3863 1153 3945 Asandrisly)
1170 3881 1330 3943 procura-

92 3994 176 4040 tores
200 3980 317 4041 nobilis
341 3981 403 4040 riri
428 3980 585 4040 Ludovici
609 3987 661 4054 (x)
692 3979 820 4040 comitis
845 3979 1039 4040 Veronensis
1068 3994 1098 4040 et
1127 3977 1254 4060 syndici
1279 3985 1330 4060 (ς)
