2874 4748
63 470 120 550 314
367 491 535 533 armarunt
560 493 619 533 rna
642 493 771 534 aaroni
794 493 813 532 Ε
837 493 990 535 ntnrova

60 703 118 784 qui
140 703 179 765 de
199 717 306 766 cetero
329 705 561 777 bannirentur,
583 725 666 788 quos
688 706 843 767 bannitus
859 725 918 788 pro
936 706 1006 768 suis
1025 705 1137 769 amicis
1160 707 1292 779 habere,

60 834 180 891 tenere,
203 821 254 882 vel
277 833 419 884 tractare
443 842 509 884 non
533 835 697 884 teneatur.
733 811 735 816 ⁵

141 936 247 998 Salvis
260 956 386 1018 semper
405 939 508 1018 pactis
524 952 556 1000 et
572 959 649 1020 pace
665 937 787 999 habitis
803 957 858 1020 per
873 939 1000 1001 dictum
1012 940 1186 1001 dominum
1204 940 1293 1000 Mar-

59 1051 210 1114 chionem
244 1072 318 1113 cum
352 1054 507 1115 omnibus
529 1068 560 1116 et
581 1053 719 1134 singulis
741 1053 945 1116 Civitatibus
971 1069 1003 1117 et
1027 1055 1239 1117 Comunibus
1260 1067 1293 1116 et

62 1167 354 1240 Universitatibus,
369 1189 444 1230 cum
462 1170 583 1250 quibus
605 1170 704 1231 habet
718 1189 828 1252 pacem
844 1185 876 1232 et
892 1185 999 1253 pacta,
1015 1191 1052 1233 ac
1074 1174 1175 1234 etiarn
1193 1171 1294 1233 salvis

61 1283 164 1363 pactis
182 1298 214 1344 et
237 1303 419 1369 pacsque
440 1285 520 1348 dicti
554 1285 689 1346 Domini
714 1286 851 1348 Manrue
876 1287 1000 1348 habent
1034 1306 1110 1348 cum
1144 1285 1293 1347 Cumuni

61 1397 172 1458 Padoe
184 1412 215 1459 et
228 1416 303 1459 cum
315 1399 452 1461 domino
474 1400 613 1462 Alberto
624 1401 665 1461 de
679 1401 708 1461 la
726 1401 819 1461 Scala
832 1414 864 1463 et
879 1400 1016 1462 domino
1029 1401 1293 1481 B(artholomeo)

60 1516 129 1576 eius
151 1515 218 1576 lilio
241 1515 433 1596 Capitaneis
456 1515 584 1577 Verone
612 1529 740 1577 etcum
764 1515 910 1578 Comuni
934 1517 1063 1578 Verone
1091 1531 1192 1597 atque
1214 1536 1292 1578 cum

59 1633 215 1694 omnibus
236 1647 267 1694 et
288 1632 427 1713 singulis
449 1632 652 1695 Civitatibus
673 1647 705 1694 et
727 1633 936 1696 Comunibus
951 1648 982 1696 et
997 1633 1293 1707 Universitatibus,

60 1770 135 1811 cum
158 1750 279 1831 quibus
301 1750 362 1832 ipsi
383 1765 415 1812 et
437 1751 589 1812 Comune
613 1751 750 1812 Mantue
772 1752 896 1813 habent
921 1771 1034 1833 pacem
1056 1765 1088 1812 et
1110 1763 1217 1832 pacta.

139 1869 182 1928 Et
205 1867 244 1928 ad
268 1867 526 1928 declarationem
556 1867 726 1948 prescripti
756 1869 853 1948 punti
882 1868 920 1929 de
943 1868 1056 1929 amicis
1084 1880 1115 1929 et
1147 1867 1294 1929 inimicis

59 1985 240 2046 intendunt
262 1998 293 2045 et
317 1983 493 2064 requirunt
517 1983 652 2044 Domini
669 1983 707 2045 de
729 1985 869 2045 Mantua
891 1984 1086 2064 supradicti,
1097 1983 1187 2064 quod
1211 1983 1294 2044 Gaf-

61 2103 122 2164 l'ari
144 2122 258 2164 omnes
279 2114 309 2161 et
333 2100 486 2160 dominus
510 2099 705 2180 Raynaldus
720 2100 758 2160 de
776 2099 963 2161 Marcharia
979 2113 1010 2161 et
1032 2099 1188 2161 dominus
1204 2085 1293 2160 'Cor-

60 2221 137 2280 tesia
161 2219 200 2280 de
222 2218 389 2279 Casalolto
422 2216 658 2278 tantummodo
691 2237 728 2277 ex
760 2216 922 2278 universis
952 2216 1098 2278 bannitis
1122 2215 1290 2278 dictorum

62 2336 282 2398 Dominorum
305 2349 336 2395 et
359 2333 520 2394 Comanis
544 2333 691 2403 Mantue,
721 2336 766 2394 ita
795 2333 883 2413 quod
907 2334 1019 2395 nullus
1047 2335 1131 2394 alius
1153 2332 1192 2394 de
1217 2332 1294 2414 ipsis

61 2453 217 2522 bannitis,
241 2452 364 2532 possint
386 2464 471 2511 stare
493 2463 524 2510 et
550 2449 668 2510 habere
685 2450 718 2510 in
734 2450 832 2511 terris
852 2451 980 2511 domini
1004 2450 1207 2511 Marchionis
1225 2469 1295 2531 pre-

59 2566 149 2635 dicti,
173 2585 237 2625 non
261 2563 437 2625 tractando
453 2577 576 2632 tamen,
593 2563 741 2624 faciendo
764 2564 813 2624 vel
837 2563 1076 2625 committendo
1097 2578 1215 2625 contra
1231 2578 1295 2625 sta·

61 2683 223 2743 bilitatem
254 2695 284 2742 ct
316 2681 460 2740 fructum
494 2680 652 2759 presentis
684 2680 841 2753 amicicie,
864 2680 996 2741 unionis
1017 2693 1048 2741 et
1073 2680 1146 2760 lige,
1173 2694 1233 2741 aut
1259 2681 1292 2740 in

59 2798 296 2858 detrimentum
322 2797 371 2856 vel
396 2795 549 2857 lesionem
574 2796 796 2876 predictorum
829 2796 1049 2858 Dominorum
1073 2810 1105 2857 et
1128 2795 1294 2857 (Inmunis

61 2915 209 2982 Mantua,
231 2927 261 2973 et
285 2913 486 2991 quicumque
509 2913 718 2983 commiserit,
741 2911 836 2972 cadat
865 2912 1087 2973 incontinenti
1110 2912 1180 2992 ipso
1204 2911 1294 2974 facto

60 3032 101 3090 ab
125 3028 314 3090 huiusmodi
340 3026 505 3097 berreiicio,
540 3030 584 3087 ita
608 3028 696 3107 quod
719 3028 861 3108 amplius
885 3031 916 3088 in
941 3029 1036 3090 terris
1059 3028 1138 3088 dicti
1162 3027 1293 3087 domini

62 3144 264 3205 Marchionis
297 3160 382 3204 stare
405 3159 434 3204 et
460 3145 609 3205 habitare
641 3165 706 3204 non
738 3145 847 3225 possit,
869 3161 900 3206 et
925 3145 980 3206 fiat
1010 3144 1164 3206 inimicus
1188 3145 1293 3224 ipsius

60 3261 186 3323 domini
211 3261 422 3320 Marchionis.
445 3260 551 3322 Ceteri
577 3277 687 3321 aurem
707 3261 837 3321 banniti
854 3280 913 3341 pro
937 3276 1030 3342 parte
1055 3261 1199 3342 ipsorum
1227 3262 1293 3322 Do·

59 3381 228 3440 minorum
251 3393 281 3439 et
305 3377 466 3438 Comunis
490 3379 627 3438 Mantue
650 3391 681 3437 ct
705 3378 852 3438 locorum
876 3393 907 3438 et
931 3393 1097 3439 terrarum
1129 3377 1293 3438 subiecta-

60 3517 134 3558 rum
157 3496 305 3556 dominio
327 3510 357 3555 ct
382 3495 583 3555 iurisditioni
606 3495 795 3555 eorumdem
829 3495 1049 3556 Dominorum
1079 3494 1292 3575 expellantur

58 3615 96 3675 de
119 3613 214 3675 terris
240 3611 442 3673 Marchionis
467 3613 614 3692 predicti,
649 3631 705 3672 nec
729 3611 762 3671 in
787 3611 863 3691 ipsis
889 3611 1030 3672 ulterius
1063 3609 1216 3671 babitare
1240 3612 1291 3671 vel

58 3747 143 3791 staro
166 3733 299 3810 possint.

140 3847 238 3907 Versa
254 3847 331 3916 vice,
354 3866 466 3906 omncs
489 3860 518 3905 ct
541 3846 662 3925 singuli
688 3845 818 3905 banniti
842 3864 901 3925 pro
924 3858 1016 3924 parte
1038 3843 1138 3923 ipsius
1160 3842 1291 3904 domini

62 3967 263 4026 Mat-chionis
296 3982 327 4027 et
363 3966 566 4026 Comuninm
598 3965 772 4025 civitatum
798 3963 956 4033 Ferraria,
987 3962 1117 4022 Mutine
1139 3975 1171 4022 et
1195 3960 1290 4042 Regii

60 4099 90 4142 ct
115 4084 255 4142 aliorum
280 4085 426 4143 locorum
457 4096 488 4141 et
520 4096 682 4141 terrarum
715 4079 915 4140 iurisditioni
948 4092 978 4138 et
1012 4076 1161 4138 domimo
1189 4078 1293 4157 ipsius

59 4200 184 4259 domini
211 4200 413 4260 Marchionis
434 4197 669 4265 subiectarum,
692 4197 901 4276 expellantur
923 4195 961 4254 dc
984 4193 1132 4255 Ciuitate
1150 4195 1292 4257 Mantue

60 4330 89 4375 et
113 4316 150 4375 de
173 4316 268 4376 terris
290 4331 321 4376 et
344 4316 421 4375 locis
443 4314 595 4374 subiectis
619 4311 821 4372 imisditioni
844 4324 874 4369 ct
897 4309 1046 4370 dominio
1064 4309 1291 4389 predictorum

62 4432 282 4493 Dominorum
299 4432 337 4492 de
354 4433 492 4491 Mantua
513 4446 543 4490 ct
561 4431 734 4490 cuiuslibet
750 4446 875 4496 eorum,
894 4428 933 4488 ad
949 4425 1192 4506 beneplacitum
1209 4427 1291 4490 dicti

59 4550 183 4609 domini
210 4549 421 4618 Marchionis,
447 4569 502 4608 nec
528 4549 558 4607 in
586 4548 659 4628 ipsis
683 4547 776 4607 terris
800 4544 939 4606 ulterius
957 4543 1106 4604 habitare
1129 4545 1179 4604 vel
1203 4559 1293 4608 stare
