2874 4748
65 471 121 531 320
367 487 535 529 nntsziom
561 489 620 528 aaa
645 489 773 531 venons
796 489 814 528 n
839 488 989 529 nastovi

67 593 1296 606 ——....—..-.....--..--—---———-..-.---—.-——-.

63 704 237 770 Benaccolsi
266 702 298 768 al
320 702 477 791 colloquio,
501 702 621 790 giacchi
643 703 704 790 egli
728 703 917 790 rigunrdaaa
939 705 1061 769 siccome
1090 725 1143 768 suo
1166 705 1296 792 proprio

62 831 228 916 etantaggio
252 830 324 915 ogni
348 829 412 893 loro
436 828 511 894 imon
535 851 673 896 successo.

145 1043 205 1104 Die
229 1043 320 1114 iovis,
343 1064 424 1103 xviii
449 1043 544 1123 iunij.

145 1159 345 1221 Convocatis
366 1174 397 1221 et
421 1159 544 1222 habitis
567 1160 779 1240 Sapientibus
800 1157 1021 1239 infrascriptis
1043 1177 1099 1239 per
1120 1156 1295 1218 dominum

66 1275 301 1356 Capitaneum‚
323 1275 357 1336 in
380 1276 450 1336 eius
471 1294 611 1347 camera,
627 1289 775 1356 presente
790 1273 927 1334 domino
940 1272 1072 1354 Tagino
1093 1287 1124 1333 et
1147 1287 1297 1352 presente

65 1391 165 1452 etiam
189 1392 326 1452 domino
348 1391 538 1452 Schenardo
560 1398 620 1466 (a),

229 1507 379 1569 videlicet
402 1506 565 1568 dominis:

308 1713 494 1776 Zaneberto
516 1712 555 1772 de
577 1712 785 1794 Tridapaicis

308 1829 489 1910 Frogerino
511 1832 549 1890 de
572 1829 734 1908 Frogeriis

310 2017 465 2077 Montino
487 2017 525 2076 de
549 2017 667 2097 Spallis

308 2133 412 2193 Sadeo
435 2133 473 2193 dc
492 2133 694 2214 pigognaga

311 2321 540 2400 Palavignono
563 2325 683 2381 Amare
704 2320 761 2395 (b).

149 2526 324 2606 Proposuit
338 2524 492 2584 dominus
509 2523 721 2603 Capitaneus‚
737 2523 973 2604 quodquidam
994 2524 1128 2585 nomine
1143 2524 1302 2586 dominus

69 2644 271 2704 Bontomeus
294 2641 401 2710 iudex,
422 2641 568 2720 specialis
601 2640 742 2699 nuncius
764 2640 892 2700 domini
917 2638 1118 2700 Marchionis
1144 2641 1301 2710 Estensis,

68 2760 195 2819 venerit
219 2777 277 2837 pro
301 2771 393 2838 parte
417 2756 516 2837 ipsius
539 2755 665 2816 domini
701 2755 904 2816 Marchionis
926 2755 965 2816 ad
990 2755 1096 2837 ipsum
1120 2756 1299 2818 dominum

67 2875 289 2955 Capitaneum
305 2886 336 2933 ct
355 2873 395 2932 ad
413 2872 586 2932 dominum
611 2871 779 2951 Taginum
804 2873 872 2933 eins
892 2873 1037 2943 fratrem,
1053 2887 1085 2933 et
1101 2872 1212 2933 adhuc
1228 2887 1300 2933 erat

69 2988 101 3047 in
124 2988 258 3048 civitate
284 2989 420 3047 Mantue
443 2987 530 3067 apud
555 2987 638 3066 ipsos
663 2986 831 3056 Dominos,
855 3007 1020 3067 exponens
1045 3002 1075 3047 et
1099 2988 1302 3048 narransas-

70 3105 201 3174 iecttnn,
223 3124 320 3183 quem
334 3104 441 3164 dictus
462 3104 617 3164 dominus
641 3103 791 3163 Marchio
816 3103 913 3164 habet
931 3123 1028 3184 super
1052 3104 1205 3164 tractatis
1222 3103 1302 3164 hinc

69 3220 143 3278 inde
168 3220 287 3279 habitis
312 3220 343 3279 in
367 3221 517 3280 effectum
543 3219 766 3299 perducendis,
789 3234 819 3279 et
845 3220 987 3279 maxime
1019 3239 1115 3300 super
1139 3220 1303 3291 amicicia,

67 3338 131 3415 liga
157 3351 187 3396 et
213 3337 335 3396 unione
358 3338 500 3397 ineunda
524 3352 554 3396 et
581 3336 729 3396 habenda
754 3357 829 3396 cum
854 3337 927 3416 ipsis
953 3336 1112 3397 Dominis.
1195 3337 1303 3398 Cuius

71 3455 114 3513 rei
137 3454 244 3513 dictus
263 3452 417 3512 dominus
442 3454 591 3514 Marchio
622 3455 863 3522 voluntarium,
888 3467 923 3512 ut
950 3453 1056 3523 resen,
1083 3466 1114 3512 ct
1139 3452 1301 3533 cupidum

69 3592 99 3628 se
122 3569 276 3638 ostendit,
293 3583 391 3647 atque
408 3590 467 3648 pn)
481 3585 572 3648 parte
585 3569 663 3629 dicti
688 3569 814 3629 domini
836 3567 1037 3628 Marchionis
1060 3568 1303 3630 instantissime

71 3684 151 3761 petit
168 3689 222 3756 (c),
239 3682 326 3762 quod
345 3683 470 3761 placeat
488 3684 582 3742 dictis
607 3684 756 3743 Dominis
774 3684 811 3742 de
832 3685 970 3743 Mantua
988 3685 1042 3752 ire,
1057 3684 1108 3743 vel
1124 3683 1302 3746 dominum

70 3799 293 3878 (japitaneum
319 3800 543 3877 personaliter,
567 3801 616 3859 sel
640 3799 813 3859 dominnm
839 3800 1019 3878 'saginum
1047 3799 1086 3858 ad
1111 3799 1302 3880 colloquen-

71 3915 149 3973 dum
173 3933 268 3992 snper
293 3914 446 3994 predictis
469 3916 618 3975 tractatis
652 3914 728 3974 hinc
752 3914 826 3973 inde
849 3929 879 3974 et
902 3934 997 3995 super
1029 3913 1303 3993 contingentibus

73 4031 158 4090 bono
180 4031 229 4103 (d)
253 4031 408 4099 amicicie,
432 4033 564 4091 unionis
587 4047 617 4091 et
643 4031 704 4112 lige
727 4045 825 4110 atque
850 4032 1015 4111 parentele
1037 4050 1114 4090 cum
1134 4031 1224 4091 dicto
1246 4031 1305 4092 do-

73 4147 162 4204 mino
188 4147 383 4214 Marchioni
408 4147 456 4205 sel
489 4146 519 4205 in
545 4147 680 4206 civitate
710 4146 870 4213 Ferrarie,
892 4146 917 4204 si
941 4166 1002 4206 esse
1026 4147 1136 4226 possit,
1154 4144 1245 4224 quod
1269 4147 1303 4208 in

71 4261 212 4339 gratiam
236 4264 406 4341 specialem
433 4264 570 4342 retinnit
594 4279 624 4324 et
643 4264 744 4344 poscit
768 4263 873 4321 dictus
896 4261 1050 4321 dominus
1074 4260 1236 4331 Marchi0‚
1253 4263 1305 4323 vel

71 4375 185 4434 saitem
210 4376 241 4435 in
267 4391 352 4436 tersa
380 4377 534 4455 Fiam-ott,
569 4378 785 4438 ferrariensis
807 4377 983 4444 districtus
1017 4395 1083 4455 quo
1104 4395 1135 4435 sc
1157 4375 1307 4438 conferet

457 4618 470 4641 2.
543 4604 598 4641 'm'
627 4617 666 4642 ms.
684 4605 754 4653 piniti
763 4604 882 4643 annisum
897 4604 963 4642 divisi
974 4615 998 4640 sn
1014 4608 1048 4642 [νε
1063 4604 1160 4643 calama.
1217 4603 1304 4655 (c)Ms.
