2874 4748
49 458 106 537 296
352 473 519 516 nenazrost
544 475 603 514 rna
627 471 755 513 VERONA
779 473 797 512 Ε
820 471 971 513 arasrovr

130 685 279 767 Denique
302 685 426 767 placuit
449 686 604 747 omnibus
620 703 685 745 non
703 684 873 764 procedere
889 683 986 745 hodie
1003 704 1106 766 neque
1123 684 1277 754 diffinite,

46 803 100 864 sed
122 801 296 865 consilium
320 801 559 863 incrastinum
584 820 759 863 reservare.

645 1061 673 1120 4.

137 1215 270 1294 Maggio
295 1235 324 1292 3.
351 1252 390 1261 -
417 1213 451 1279 Si
466 1212 596 1278 delibera
619 1212 809 1278 elimandam
832 1211 884 1278 κη’
896 1212 1078 1278 atrebasciotn
1095 1213 1136 1278 ad
1150 1213 1276 1279 Alberto

45 1360 59 1400 e
84 1337 269 1402 Barlolomeo
293 1326 372 1402 della
386 1335 496 1418 Scala,
513 1337 634 1403 secondo
658 1337 682 1402 i'
695 1339 857 1422 istruzione
879 1351 1027 1425 coraposto
1043 1338 1096 1403 dni
1120 1339 1278 1404 Podestdr

29 1461 98 1538 *dal
116 1462 266 1549 Capitone
282 1463 315 1527 di
332 1468 493 1543 Mourena,
512 1466 543 1528 in
567 1466 661 1551 questi
684 1466 804 1528 tarentini
814 1488 823 1528 :
938 1463 1066 1550 dederint
1084 1479 1194 1552 qreanto
1213 1466 1277 1552 sere

48 1587 170 1653 Gerlino
194 1586 242 1652 del
256 1592 300 1671 ste
326 1588 535 1676 Corrtpagnone
558 1591 598 1652 de
622 1591 813 1662 Tuscanin0‚
832 1588 962 1654 aliorchd
977 1589 1005 1654 si
1021 1595 1084 1655 ren)
1101 1590 1188 1678 pridie
1204 1613 1274 1655 atrr-

44 1711 206 1778 basciatore
228 1713 269 1777 nd
291 1711 413 1778 Alberto
432 1712 511 1778 della
529 1711 627 1793 Scala,
645 1716 672 1778 si
684 1713 785 1778 cirieda
801 1713 850 1778 ede
865 1716 960 1802 questi
976 1716 1035 1779 levi
1051 1714 1077 1779 le
1093 1717 1275 1801 rostrnzioni

43 1835 92 1902 chr
107 1860 165 1902 non
181 1839 209 1902 si
225 1837 399 1925 referiscono
416 1837 480 1903 allo
496 1835 593 1925 defero
610 1837 689 1904 della
704 1840 782 1903 rivo.
852 1838 882 1903 II
898 1837 1059 1925 (lapidante,
1083 1838 1200 1928 Togino
1220 1865 1234 1906 e
1251 1842 1275 1906 il

44 1961 169 2027 Pedestd
202 1963 335 2050 strigent>
359 1963 400 2028 ad
421 1962 632 2028 arndosciotori
662 1963 687 2027 il
715 1963 833 2048 giudice
857 1963 950 2029 Sezdeo
986 1964 1019 2028 di
1053 1964 1272 2053 Pegognagae

47 2089 186 2153 Montino
211 2093 251 2151 de
276 2091 402 2170 Spallis

127 2284 219 2352 Item,
241 2283 291 2343 die
314 2282 480 2344 dominico
504 2284 604 2344 tercio
627 2283 715 2364 maij.

124 2397 323 2458 Convocatis
344 2412 375 2458 et
400 2397 522 2459 habitis
552 2398 763 2479 Sapientibus
796 2399 1025 2478 suprascriptis
1058 2419 1113 2480 pet·
1143 2399 1272 2461 dictum

44 2515 216 2575 dominum
243 2514 464 2596 Capitaneum
488 2515 521 2575 in
545 2515 613 2575 eius
635 2515 742 2584 domn,
766 2530 911 2595 presente
935 2515 1070 2576 domino
1093 2515 1225 2595 Tagino
1242 2532 1274 2578 et

44 2629 131 2689 dicto
153 2628 289 2690 domino
312 2629 516 2703 Schenardo;
540 2644 687 2710 presente
709 2648 841 2708 quoque
867 2643 1027 2708 potestate
1052 2628 1189 2691 Mantue
1212 2639 1224 2705 (
1251 2639 1274 2704 ).

123 2746 164 2805 Et
185 2745 270 2805 iacta
288 2745 509 2826 propositione
525 2759 555 2806 et
572 2745 708 2805 consilio
724 2746 891 2825 postulato
916 2765 1013 2824 super
1031 2746 1193 2826 predictis,
1207 2747 1277 2824 pla·

42 2862 109 2921 cuit
133 2861 296 2934 omnibus⁸
319 2862 488 2936 multis(b)
511 2862 804 2930 contrariantibns,
820 2863 907 2942 quod
925 2863 1092 2942 eligantur
1115 2863 1181 2925 duo
1204 2885 1274 2925 ant-

44 2979 214 3038 baxatores
238 2979 364 3038 boniet
384 2978 490 3038 idonei
515 2998 570 3058 per
593 2978 744 3038 dominos
760 2979 958 3040 Potestatent
983 2994 1013 3039 et
1038 2979 1275 3060 Capitaneum.

43 3095 122 3154 ituri
145 3094 184 3154 ad
207 3095 310 3155 dictos
332 3094 482 3155 dominos
503 3095 702 3176 Capitaneos
727 3095 866 3164 Vnone,
899 3114 973 3156 cunt
1001 3096 1056 3156 illa
1081 3097 1273 3166 ambaxata,

43 3229 142 3289 quam
167 3212 244 3271 dieti
269 3211 394 3271 dornini
419 3211 621 3292 Capitaneus
643 3225 673 3271 et
695 3213 763 3271 eius
789 3211 888 3272 frater
913 3212 1078 3272 voluerint
1102 3212 1273 3292 imponere

42 3341 72 3387 et
99 3327 249 3398 formare,
271 3343 301 3388 et
327 3328 444 3388 facturi
468 3328 645 3387 secundum
670 3346 781 3386 eorum
807 3327 1014 3388 mandatum.

125 3444 243 3503 Forma
269 3457 377 3504 autern
409 3445 594 3514 atnbaxate,
626 3464 725 3522 quant
756 3443 863 3504 dictus
887 3444 1044 3505 Gerlinus
1067 3443 1169 3524 pridie
1195 3443 1272 3505 fecit

43 3559 170 3619 Verone
192 3574 222 3619 et
246 3561 298 3618 eui
323 3579 386 3618 non
413 3559 475 3619 init
500 3579 554 3638 per
586 3559 712 3618 dictam
746 3559 917 3618 dominum
951 3560 1125 3618 albertum
1160 3558 1271 3620 debite

41 3674 256 3742 satisfactum,
281 3674 336 3733 het·
359 3689 414 3742 est,
437 3689 467 3735 et
490 3675 533 3733 sic
557 3674 702 3754 portavit
726 3688 755 3733 et
780 3674 868 3734 dedit
894 3673 1086 3754 inscriptis.

124 3789 287 3849 Discretns
311 3792 359 3849 tir
374 3789 540 3859 Gerlintts,
556 3790 723 3869 quondam
742 3789 868 3849 domini
886 3789 1115 3869 Compagnoni
1140 3790 1178 3849 de
1202 3789 1273 3848 Tu-

40 3908 185 3975 scaninn,
218 3906 504 3985 ini'raseriptottnn
540 3906 751 3965 dominorum
782 3905 819 3964 de
852 3905 991 3964 Mantua
1019 3905 1215 3964 ambaxator
1237 3921 1270 3965 et

41 4023 182 4079 nuntius
204 4020 358 4099 specialis,
381 4020 467 4080 dicat
497 4035 526 4078 et
551 4034 692 4099 exponat
727 4021 854 4097 egregio
876 4033 907 4078 et
933 4017 1107 4096 ntagnitieo
1132 4018 1272 4079 domino

42 4136 180 4195 :ilberto
202 4138 239 4195 de
264 4136 292 4194 ia
318 4136 409 4196 Scala
435 4137 562 4196 Verone
586 4137 769 4214 Capitoneo
792 4134 934 4212 generali
969 4153 1027 4212 pro
1051 4148 1143 4211 parte
1166 4135 1273 4195 domi-

42 4271 158 4298 nrat‘rttaa
179 4251 364 4298 iinrdoiirtnr'
390 4253 427 4298 dr·
454 4253 637 4299 idftnr‘actdeis
655 4252 827 4298 (Ymirnnoi
857 4249 1177 4298 i12mrrn··.1r'i'noini
1200 4253 1271 4298 ρὶικ
