2850 4776
640 473 710 515 noc.
733 473 783 513 rr:
811 451 884 513 1288
958 497 961 504 ⁴
1338 474 1387 532 ¹91

160 682 242 742 dicti
266 681 456 742 monasterii
478 682 583 743 sancti
607 683 750 764 §Zenonis
767 681 808 755 de,
830 682 970 753 Verona,
987 681 1026 742 ad
1044 680 1253 762 infrascripta
1275 683 1391 762 specia-

160 796 238 857 liter
260 795 469 866 constitutus,
491 795 667 858 sindicario
684 797 818 858 nomine
840 795 949 876 ipsius,
968 794 1156 856 inducimus
1179 795 1212 856 in
1236 810 1388 858 tenutam

159 913 334 975 dominum
369 913 561 984 Berardum‚
594 911 700 974 filium
734 913 861 974 domini
896 912 1050 973 Iohanini
1073 911 1111 972 dc
1140 912 1327 973 Bnnacolsis
1349 915 1388 974 dc

160 1029 314 1100 Mantua,
335 1041 366 1089 et
389 1028 493 1088 eidem
526 1027 688 1089 tradimus
719 1028 922 1110 corporalem
956 1028 1185 1108 possessionem
1219 1029 1270 1088 vel
1293 1031 1386 1108 quasi

157 1144 199 1204 de
221 1159 340 1224 quarta
363 1157 456 1224 parte
479 1143 584 1205 tocius
600 1158 676 1216 tere,
699 1145 796 1207 castri
812 1158 842 1205 et
860 1145 921 1205 loci
948 1143 1171 1225 Villimpente,
1194 1143 1390 1205 Veronensis

155 1260 301 1332 diocesis,
324 1274 354 1321 et
377 1260 528 1320 omnium
552 1259 804 1321 iurisdicionum
827 1275 858 1323 et
880 1260 1004 1320 iuriunr
1036 1260 1259 1341 corporalium
1289 1274 1320 1321 ct
1344 1259 1389 1320 in-

154 1374 380 1456 corporalium
405 1373 644 1456 pertinentium
660 1375 700 1436 ad
717 1375 820 1456 ipsam
844 1387 998 1455 quartam
1016 1389 1143 1456 partem
1167 1388 1236 1436 tere
1259 1374 1389 1435 Villini-

154 1505 266 1575 pente,
289 1491 438 1553 videlicet
459 1490 544 1551 sicut
565 1491 653 1552 soliti
672 1491 806 1552 fuerunt
830 1506 939 1552 tenere
958 1506 1092 1552 actenus
1114 1505 1145 1551 et
1169 1490 1328 1571 possidere
1347 1493 1388 1551 ab

152 1612 228 1691 ipso
242 1611 440 1671 monasterio
453 1611 487 1672 in
499 1612 568 1695 ipsa
581 1623 669 1671 terra
683 1609 898 1689 Villimpcnte
911 1608 990 1668 olim
1003 1608 1130 1669 domini
1143 1609 1270 1669 domini
1288 1607 1389 1668 Boni-

153 1727 262 1788 sacius
283 1741 314 1788 et
338 1726 525 1789 Guilelmus
552 1729 691 1788 condam
715 1725 841 1785 domini
873 1724 1063 1804 Aduogadri
1085 1725 1124 1785 de
1151 1725 1297 1794 Clavica‚
1318 1725 1386 1786 sive

151 1841 313 1902 dominus
326 1842 495 1902 Antonius
511 1842 550 1902 de
566 1839 694 1911 Cetera,
710 1859 824 1900 corum
849 1841 992 1910 nominc,
1005 1839 1115 1900 dando
1129 1839 1233 1900 cidem
1252 1840 1388 1900 domino

153 1957 305 2018 Berardo
319 1957 495 2038 insignum
510 1971 541 2018 ct
556 1957 690 2017 nomine
714 1955 918 2036 possessionis
932 1971 963 2016 et
978 1956 1069 2035 quasi
1090 1969 1204 2017 tenute
1228 1975 1385 2036 apprense

151 2093 213 2156 per
236 2073 342 2153 ipsum
366 2072 540 2133 dominum
564 2071 747 2132 berardum
772 2086 803 2132 ct
827 2071 860 2131 in
877 2071 945 2131 cius
968 2072 1120 2162 manibus
1143 2071 1180 2130 de
1205 2085 1272 2132 tcra
1297 2086 1327 2132 et
1346 2073 1387 2131 ln·

149 2190 288 2272 pidibus
311 2190 411 2271 ipsius
426 2203 503 2261 tere,
526 2189 623 2249 castri
640 2203 669 2250 et
686 2189 746 2248 loci
772 2188 986 2268 Villimpcnte
1001 2203 1032 2247 et
1049 2187 1086 2248 de
1110 2208 1176 2248 una
1199 2188 1298 2249 domo
1314 2206 1387 2268 cop·

149 2321 234 2390 pata
253 2321 284 2367 et
303 2309 371 2367 eius
393 2319 579 2367 casamento
598 2305 702 2386 posita
720 2308 752 2365 in
770 2321 876 2366 castro
892 2304 1038 2385 predicto
1063 2303 1089 2362 V
1094 2305 1275 2384 illimpente
1289 2305 1386 2385 copis,

149 2421 265 2482 hostio
288 2440 323 2481 ac
347 2419 498 2481 hedificio
521 2419 620 2500 ipsius
642 2419 767 2480 domus.
852 2420 932 2480 Item
956 2419 994 2478 cle
1018 2437 1084 2478 uno
1100 2433 1287 2478 casamento
1310 2437 1384 2477 cum

148 2557 221 2598 una
247 2536 346 2597 domo
369 2537 511 2617 palleata
536 2537 639 2616 posita
660 2537 785 2596 invilla
810 2536 847 2595 dc
867 2535 1084 2615 Villimpenta
1108 2535 1201 2594 iuxta
1226 2534 1316 2594 viana
1333 2555 1387 2615 pu·

149 2653 277 2714 blicam
297 2653 338 2712 ab
362 2672 428 2712 uno
450 2673 486 2712 cx
510 2653 672 2732 capitibus
685 2658 733 2725 (a)
749 2667 779 2713 et
797 2653 836 2710 ab
858 2672 923 2712 uno
942 2673 978 2712 cx
1003 2652 1175 2720 lateribus,
1191 2664 1221 2711 ct
1245 2651 1286 2710 ab
1309 2651 1387 2711 allio

147 2771 258 2830 latere
281 2768 353 2829 iura
371 2770 562 2830 monasterii
578 2769 681 2830 sancti
705 2769 848 2852 (lenonis
872 2768 1023 2847 predicti,
1041 2770 1087 2828 ccl
1105 2768 1130 2826 si
1148 2768 1222 2827 aliie
1244 2766 1387 2827 confinis

142 2887 218 2946 sint
243 2885 327 2945 inibi
350 2899 575 2966 permancant,
599 2905 634 2944 ac
659 2886 792 2945 nominc
814 2900 845 2944 ct
871 2886 940 2944 ricc
963 2887 1114 2944 omnium
1131 2899 1162 2943 ct
1178 2884 1384 2964 singulorum

142 3002 374 3082 spectantium
398 3014 429 3062 et
453 3002 694 3081 pertinentium
719 3001 777 3082 ipsi
801 3017 919 3080 quarte
945 3016 1037 3081 parte
1061 3001 1146 3060 ciictc
1169 3015 1264 3069 rcrre,
1286 3001 1383 3060 castri

142 3133 178 3179 et
206 3116 269 3177 loci
294 3116 509 3198 Villimpentc
533 3118 680 3198 predicti.

235 3343 357 3400 Actum
379 3339 412 3400 in
438 3339 504 3421 ipsa
528 3355 625 3409 terra,
649 3354 754 3398 castro
784 3353 814 3398 ct
846 3339 915 3397 loco
940 3337 1154 3415 l'illiinpcntc
1180 3351 1210 3396 ct
1236 3357 1291 3415 pcr
1316 3337 1383 3395 loca

145 3455 310 3539 predicta,
333 3456 537 3535 presentibus
559 3455 701 3516 dominis
727 3454 881 3513 ianuario
905 3453 1179 3532 archipresbitero
1201 3451 1239 3512 dc
1263 3452 1383 3521 Casuli,

144 3571 246 3634 tollia
260 3569 299 3630 de
312 3570 540 3651 Villimpcnta‚
555 3570 757 3650 Baylanlino
771 3568 897 3628 domiui
923 3567 1055 3642 liicanii
1068 3567 1106 3626 dc
1124 3567 1269 3637 Clatica,
1286 3567 1384 3638 Cacu-

144 3687 277 3750 nimico
299 3687 337 3748 de
363 3687 477 3749 Grillis
499 3689 537 3747 dc
560 3688 721 3756 Bononia,
754 3685 966 3746 Grinrnlclino
996 3685 1033 3743 dc
1058 3683 1238 3743 Grinialclis
1261 3683 1298 3742 dc
1324 3682 1385 3741 Bu-

145 3803 265 3873 nonia,
290 3802 438 3864 Gerarclo
461 3804 588 3864 domini
612 3803 756 3883 Philippi
781 3802 819 3862 ilc·
844 3802 935 3860 l'rsis
958 3801 995 3860 dc
1013 3799 1172 3868 llononia,
1198 3798 1307 3867 Picolo
1330 3799 1385 3857 do·

144 3919 234 3981 mini
259 3917 502 3978 Oldcvranciini
526 3920 563 3979 de
587 3923 760 3978 ,lucriuntc
784 3919 821 3977 ilc
847 3917 994 3976 bononia
1020 3931 1049 3975 ct
1074 3915 1146 3972 aliis
1170 3913 1306 3973 testibus
1331 3935 1381 3972 rn-

142 4032 230 4094 catis
252 4044 283 4092 et
307 4032 437 4111 rogatis.

141 4276 175 4324 et
200 4260 287 4322 EGO
311 4260 478 4322 Gerardus
508 4260 546 4320 dc
570 4261 762 4334 Curuncunc
784 4261 829 4332 tlt)
859 4260 940 4318 sacri
967 4259 1094 4337 pallacii
1127 4261 1276 4318 notarius
1308 4258 1381 4317 liius

140 4378 306 4441 omnibus
328 4377 461 4438 interfui
487 4393 516 4438 ct
542 4393 675 4456 rogatus
696 4377 806 4456 scripsi
830 4391 859 4436 ct
885 4377 1061 4456 publicari.

198 4658 233 4707 (a)
250 4655 271 4694 Α
286 4656 353 4709 :afrae
408 4655 439 4708 (a)
454 4657 472 4694 a
488 4637 607 4701 caan-127.
