2850 4776
622 495 624 498 .
646 459 716 501 noc.
741 458 824 498 rix:
839 456 908 516 1291
1318 450 1376 513 247

147 670 257 732 chioni
279 686 310 733 et
333 671 419 732 inter
441 671 593 733 Coniune
617 671 754 732 Mantue
776 684 808 731 et
824 667 943 731 'omnia
964 670 1033 730 ioca
1049 682 1081 729 et
1099 680 1203 728 castra
1227 666 1372 727 subiecta

147 787 235 847 dicto
251 787 386 848 domino
405 786 597 848 Pinamonti
614 787 663 848 vel
680 785 735 864 alij
751 786 791 846 de
806 785 941 846 civitate
956 784 1007 845 vel
1025 784 1213 864 episcopatu
1233 782 1374 842 Mantue

145 918 178 965 et
200 905 285 966 inter
306 905 488 986 singulares
510 923 663 986 personas
683 904 847 965 dictarum
871 903 1059 973 civitatum,
1073 915 1257 962 castrorum
1281 911 1311 960 et
1329 899 1374 959 lo-

145 1040 259 1082 corum
283 1020 339 1082 fiat
363 1019 437 1082 finis
458 1032 490 1082 et
513 1019 615 1081 libera
639 1020 793 1081 remissio.

266 1245 342 1326 [ill]
366 1246 445 1325 [De]
468 1264 584 1306 nanms
606 1265 647 1304 ur
669 1264 801 1306 imitans
823 1264 988 1304 runesms.

228 1399 307 1462 ltem
330 1399 419 1480 quod
441 1398 480 1459 de
501 1411 609 1459 cetero
630 1396 751 1458 damna
773 1416 828 1458 seu
851 1396 972 1459 iniurie
996 1415 1061 1458 non
1081 1396 1163 1459 fiant
1188 1397 1264 1459 hine
1286 1398 1388 1465 inde„

143 1527 176 1576 et
199 1516 223 1576 si
247 1515 331 1576 iacta
353 1535 409 1577 seu
432 1515 515 1575 facte
539 1513 673 1584 fuerint,
696 1515 753 1595 qui
775 1513 897 1575 damna
919 1527 951 1574 et
973 1513 1113 1574 iniurias
1140 1514 1372 1596 irrogaverint,

142 1631 386 1711 compellantur
401 1650 458 1711 per
474 1631 645 1691 Rectorem
662 1629 807 1690 civitatis
820 1649 875 1690 seu
894 1628 967 1698 ioci,
990 1629 1024 1689 in
1046 1630 1140 1689 cuius
1161 1630 1313 1692 districtu
1338 1629 1370 1691 id

142 1746 307 1818 acciderit,
330 1747 501 1808 restituere
522 1746 643 1806 damna
660 1759 692 1806 et
713 1744 898 1806 satisfacere
912 1745 951 1806 de
968 1744 1100 1806 iniuriis
1108 1765 1117 1820 ;
1139 1746 1288 1827 alioquin
1311 1747 1374 1808 Co-

144 1882 246 1924 mune
267 1863 367 1945 ipsius
397 1862 542 1923 civitatis
565 1862 615 1923 vel
639 1862 700 1923 loci
734 1862 772 1922 ad
807 1862 1051 1924 restitutionem
1075 1877 1106 1924 et
1128 1864 1371 1925 satisfacionem

142 1991 298 2039 teneatur
320 1977 407 2039 infra
432 1998 536 2040 unum
560 1997 702 2039 mensem
727 1993 899 2059 postquam
923 1979 1021 2039 fuerit
1045 1977 1251 2058 requisitum.

265 2203 339 2281 [lv]
365 2201 412 2262 Dn
436 2222 631 2262 carceratis
654 2193 863 2265 recessimus,

227 2355 305 2415 Item
329 2353 418 2434 quod
441 2373 552 2414 omnes
580 2354 738 2414 carcerati
769 2354 845 2415 hinc
876 2354 950 2414 inde
979 2355 1146 2416 occasione
1176 2375 1292 2435 guerre
1322 2357 1371 2416 vel

138 2471 313 2542 discordie,
344 2491 407 2552 que
431 2470 589 2532 hactenus
623 2471 729 2533 fuerat
753 2474 840 2533 inter
872 2472 1033 2553 predictas
1056 2486 1173 2553 partes,
1196 2473 1295 2534 libere
1326 2494 1374 2534 re-

139 2591 309 2650 laxentur.

266 2793 322 2872 [V]
348 2793 645 2870 R[n]r›rtnsstrartuir
670 2814 846 2854 srsrnssro.

227 2946 306 3008 item
329 2947 417 3027 quod
440 2967 552 3007 ornnes
576 2947 746 3027 represalie
763 2947 838 3007 hinc
856 2947 931 3008 inde
952 2948 1018 3008 sint
1040 2967 1190 3028 suspense
1214 2946 1372 3027 usquead

138 3063 313 3124 trienium.
397 3063 439 3123 Et
457 3063 591 3123 interim
609 3063 824 3143 provideatur
843 3083 899 3144 per
914 3063 1083 3144 Sapientes
1105 3064 1271 3124 dictarum
1294 3063 1374 3124 ciri-

137 3193 252 3240 tatum
274 3179 313 3240 de
335 3179 410 3259 ipsis
433 3179 614 3258 represaliis
636 3163 798 3259 optandis.

263 3403 338 3482 [Vl]
361 3403 459 3476 Qron
481 3425 602 3462 s‘rniru
625 3424 692 3462 sisi
718 3425 849 3462 suerin-3.

228 3555 306 3617 Item
330 3557 418 3636 quod
440 3571 540 3616 strate
564 3557 639 3615 irinc
665 3556 738 3614 inde
760 3557 825 3617 sint
849 3557 948 3616 libere
971 3571 1001 3616 et
1023 3575 1142 3616 secure.

263 3763 305 3840 [V
311 3762 355 3841 li]
379 3761 550 3834 Qesnnzn
576 3784 731 3822 rsrtrizsns
756 3783 811 3821 nst·
837 3783 939 3821 nstro.

226 3911 305 3974 Item
330 3914 363 3974 in
386 3916 520 3975 civitate
543 3916 684 3986 Ferarie,
709 3916 838 3975 Mutine
860 3930 891 3974 et
917 3916 1007 3995 Regii
1031 3932 1061 3978 et
1086 3921 1118 3977 in
1137 3917 1208 3996 alijs
1225 3919 1302 3978 locis
1323 3939 1372 3978 su·

140 4029 257 4090 biettis
279 4029 414 4090 domino
439 4029 623 4090 Marchioni
643 4030 697 4090 fiat
716 4031 799 4089 ratio
817 4030 1010 4090 nlantnanis
1032 4033 1196 4092 stantibus
1220 4032 1259 4093 ad
1284 4054 1374 4093 man·

136 4145 220 4204 data
243 4142 369 4204 domini
393 4144 601 4204 Pinamontis
628 4161 658 4206 et
692 4146 852 4205 Cornunis
876 4146 1012 4206 Mantue
1039 4162 1069 4207 ct
1092 4149 1246 4209 subiectis
1269 4150 1371 4211 domi-

138 4279 261 4321 norum
284 4259 322 4320 de
346 4260 532 4320 Bonacoisis
555 4277 584 4321 et
608 4263 781 4330 cuiuslibet
806 4263 941 4322 alterius
963 4263 1001 4323 de
1023 4264 1157 4325 civitate
1181 4267 1230 4325 vel
1254 4267 1374 4346 episco-

139 4389 223 4456 patu
240 4373 386 4445 Mantue,
398 4375 480 4435 sicut
495 4376 621 4435 civibus
635 4377 856 4456 predictarum
875 4378 1049 4438 civitatum
1067 4393 1096 4439 et
1122 4381 1280 4440 locorum.
1330 4383 1371 4442 lit

136 4516 154 4554 e
179 4511 346 4562 converse,
359 4493 486 4552 civibus
502 4508 531 4552 et
550 4493 739 4552 imminiims
757 4493 897 4563 Ferarie,
921 4496 1050 4556 Mutine
1072 4509 1102 4556 et
1129 4496 1219 4575 Regii
1244 4512 1274 4557 et
1299 4498 1373 4558 alio-

139 4627 217 4668 rum
243 4607 388 4668 locorum
413 4608 635 4668 subiectorum
660 4609 747 4668 dicto
777 4611 911 4670 domino
937 4611 1121 4671 Marcirioni
1145 4613 1310 4671 stantibus
1334 4613 1372 4672 ad
