2874 4748
61 477 116 536 352
368 496 537 536 nucnzronr
562 497 622 536 run
646 495 774 536 vunour
798 496 816 535 u
840 494 992 536 unnrovr

58 711 253 772 iuraverunt
275 709 491 789 corporaliter
512 747 552 756 —
574 723 733 791 perpetuo
755 711 928 771 observare
951 723 983 770 et
1008 728 1192 790 nunquam,
1209 729 1285 780 ecc„

58 844 147 886 come
176 826 228 886 nel
254 824 445 886 documento
468 824 674 905 precedente,
705 827 795 886 salve
817 826 846 885 le
874 825 1044 884 varianti:
1078 824 1202 885 sactum
1235 825 1284 884 vel

60 940 216 1011 fiendum,
237 941 350 1022 epoi:
373 941 412 1001 nd
436 940 549 1002 omnia
571 954 603 1002 et
626 940 665 1002 ad
689 941 820 1022 singula
843 941 1000 1021 capitula,
1014 939 1088 1022 fino
1112 959 1132 1000 α
1155 940 1204 1000 vel
1227 939 1286 999 ali-

59 1058 147 1138 quod
171 1058 406 1138 predictorum.

81 1177 82 1182 ’
139 1172 204 1233 Pro
226 1172 345 1253 quibus
366 1174 521 1233 omnibus
541 1185 573 1234 et
596 1172 733 1253 singulis
756 1171 883 1252 plenius
897 1171 1105 1234 attendendis
1126 1185 1158 1233 et
1181 1173 1287 1233 obser-

60 1288 175 1348 vandis
198 1288 362 1368 predictus
384 1288 538 1349 dominus
570 1288 728 1348 Albertus
760 1287 952 1368 capitaneus
975 1286 1104 1348 Verone
1126 1300 1157 1348 et
1180 1287 1289 1348 dictus

59 1403 213 1464 dominus
237 1402 350 1464 Guido
371 1402 478 1464 dictus
499 1402 667 1464 Botexeila
685 1404 824 1463 Mantuc
839 1402 1032 1484 capitaneus
1053 1415 1084 1463 et
1106 1401 1215 1462 dictus
1237 1401 1291 1462 do·

60 1519 170 1579 minus
193 1518 352 1598 Mapheus
373 1517 517 1578 sindicus
538 1532 569 1580 et
592 1531 799 1600 procurator,
822 1530 852 1579 et
874 1517 1054 1579 sindicario
1078 1531 1110 1579 et
1134 1505 1290 1599 procura·

60 1633 146 1694 torio
180 1634 313 1694 nomine
336 1633 411 1716 fine
438 1623 478 1694 'al
499 1635 636 1695 termine
657 1634 709 1694 del
731 1645 821 1704 teste,
845 1634 914 1696 cine
943 1635 1015 1694 sino
1045 1636 1114 1694 nlla
1142 1636 1287 1714 perula:

64 1777 77 1804 (ι
93 1750 238 1830 —quasi
254 1776 281 1811 u.

140 1872 260 1927 Actum
284 1882 328 1928 est
353 1867 412 1928 hoc
438 1868 575 1939 Veroue,
598 1869 631 1928 in
654 1882 779 1949 guayta
806 1880 917 1929 sancte
940 1868 1046 1928 Marie
1070 1868 1227 1948 Antique,
1249 1866 1282 1926 in

59 1983 185 2062 palacio
206 1983 286 2043 dicti
308 1984 436 2044 domini
460 1983 600 2053 Alberti,
623 1985 829 2064 presentibus
844 1984 987 2044 dominis
1008 1983 1168 2044 Jacobino
1190 1982 1284 2043 Bam-

59 2097 204 2168 baxari0,
227 2098 442 2160 Nascimbene
467 2101 598 2160 notario
615 2098 653 2160 de
672 2099 862 2178 Campanea
886 2098 1055 2178 quondam
1077 2097 1204 2160 domini
1222 2096 1285 2157 Ro-

57 2215 137 2276 dulti
156 2216 194 2276 de
207 2215 370 2276 Pischeria
381 2217 482 2291 (?)(a)
495 2229 526 2277 et
544 2215 744 2278 Homobono
759 2217 928 2296 quondam
944 2216 1070 2277 domini
1089 2213 1287 2276 Gandulfini

57 2331 96 2390 de
120 2331 270 2401 Lernaeo,
292 2330 437 2392 Jordano
459 2331 628 2412 quondam
644 2331 771 2392 domini
795 2332 943 2392 silvestri
961 2330 1133 2411 Boraterij,
1151 2330 1286 2391 Juliano

59 2448 202 2519 aurifice,
227 2449 366 2509 Alberto
390 2449 521 2510 notario
543 2470 560 2509 a
585 2449 671 2520 Sala,
697 2448 793 2509 Bosio
814 2450 948 2510 notario
970 2449 1008 2509 de
1034 2449 1156 2509 Sancto
1179 2448 1286 2508 Salva·

59 2565 118 2635 rio,
141 2564 282 2644 Hugone
295 2563 425 2623 notario
441 2564 479 2623 de
495 2563 667 2634 Susinello‚
684 2563 830 2625 Bouaria
849 2564 979 2624 notario
1003 2563 1115 2624 Benna
1146 2563 1282 2624 notario

60 2680 194 2740 Daniele
210 2701 226 2739 a
243 2679 363 2750 Foreis,
380 2679 535 2740 Guidone
551 2700 567 2740 a
586 2678 788 2761 Campanea,
804 2681 1020 2741 Nascimbene
1037 2683 1169 2742 notario
1181 2700 1286 2762 quon-

57 2797 132 2856 dam
149 2796 275 2855 domini
292 2794 431 2855 Tebaldi
455 2794 597 2873 Bucarij,
613 2815 649 2856 ac
666 2795 901 2856 Bonaventura
918 2797 956 2856 de
973 2796 1092 2856 Sancta
1117 2795 1239 2876 Sophia
1253 2809 1284 2856 et

60 2911 288 2971 Ronmassario
311 2910 478 2990 quondam
502 2910 627 2971 domini
652 2912 855 2994 Cambonini
873 2911 995 2989 notarii
1013 2926 1042 2971 et
1062 2910 1207 2972 Iohanne
1226 2910 1284 2971 Bo·

59 3027 201 3088 nandree
225 3026 371 3102 notariis,
395 3047 459 3087 una
483 3046 557 3086 cum
581 3047 631 3086 me
656 3026 845 3087 Rolandino
868 3028 1036 3108 quondam
1068 3026 1191 3088 domini
1221 3025 1285 3086 Βο-

59 3155 241 3202 naventure
264 3143 302 3201 de
325 3142 531 3202 Bartholono
564 3143 602 3202 de
622 3138 773 3201 'Mantua
798 3144 939 3213 notari0,
962 3143 1122 3204 Comunis
1146 3142 1285 3202 Mantue

57 3259 227 3328 dictatore,
261 3278 400 3338 presens·
421 3260 680 3318 instrumentum
713 3260 894 3340 scripturis,
917 3261 967 3321 vei
991 3261 1019 3321 ei
1040 3258 1285 3338 subscripturis,

57 3374 213 3434 omnibus
247 3373 488 3434 Veronensibus
518 3394 553 3434 ac
584 3374 661 3434 viris
695 3376 914 3454 prudentibus
946 3375 1088 3436 dominis
1120 3373 1224 3435 Sadeo
1246 3374 1286 3434 de

60 3489 257 3570 pigognagia
271 3488 317 3563 (b)
341 3488 456 3560 iudice,
482 3490 656 3550 Domai'olo
672 3491 710 3550 de
727 3491 882 3560 Tribolis,
900 3490 1110 3571 Mayfredino
1125 3490 1163 3549 de
1177 3492 1285 3548 Axan-

58 3606 139 3676 dris,·
153 3607 361 3666 Zaneuberto
376 3605 414 3664 de
430 3606 643 3686 Tredapaleis
668 3621 698 3666 et
717 3607 884 3680 Ravacoio
909 3608 1011 3687 Vespa
1029 3622 1059 3668 et
1077 3606 1230 3684 Recagno
1246 3605 1285 3665 de

62 3722 256 3792 Bnnacolsis,
280 3721 553 3783 Borrnventurino
568 3723 606 3782 de
624 3724 718 3803 Ripa,
743 3723 976 3784 Bartholameo
993 3725 1031 3783 de
1054 3721 1285 3783 Ferratoribus

59 3853 90 3898 et
113 3839 288 3898 ,udelberio
310 3841 347 3898 de
371 3839 553 3915 Adelbcrijs
575 3839 727 3919 predictis
744 3840 946 3909 Mantuanis,
964 3839 1099 3900 testibus
1118 3837 1242 3898 vocatis
1253 3852 1285 3897 et

62 3958 190 4024 rogatis.

86 4011 88 4013 '
100 4019 105 4033 t

112 4223 147 4273 (u)
163 4225 187 4262 zi.
207 4223 298 4261 [nst-ton
355 4224 389 4274 (t)
406 4227 423 4262 ‚i
439 4225 513 4276 maog.
547 4224 595 4276 isse,
617 4225 662 4264 duc.
677 4235 691 4276 x5
708 4226 800 4273 nemin
815 4239 873 4274 repr.
