2858 4792
103 411 157 474 136
408 431 578 473 nutazrout
603 431 662 470 raa
685 430 814 472 venosa
837 431 855 470 r.
879 427 1034 470 naarovt

97 665 128 712 et
149 667 246 729 super
269 666 306 710 eo
327 645 417 727 quod
438 645 594 708 dominus
617 645 813 727 Raynaldus
828 645 867 707 de
884 643 968 707 Riva
984 647 1064 707 civis
1088 645 1227 707 Mantue
1249 643 1329 706 dicit

96 784 126 825 se
148 763 264 826 debere
289 762 430 843 recipere
452 761 493 823 ab
516 760 683 842 aliquibus
702 761 944 822 Veronensibus
959 760 1148 823 extrinsecis
1162 763 1334 822 occasione

97 879 207 940 salarii
230 877 416 960 ‘potestarie
447 877 613 938 dictorum
645 875 885 938 Veronensium
914 877 1187 948 extrinsecorum,
1221 890 1259 939 ut
1280 883 1331 952 (α)

97 995 234 1056 domino
258 993 435 1076 Raynaldo
456 991 605 1055 satisfieri
630 991 753 1055 faciant
782 993 821 1055 de
842 994 914 1055 iure
937 994 987 1054 vel
1010 994 1049 1054 de
1075 994 1194 1075 gratia,
1215 1013 1332 1056 secun-

99 1113 180 1173 dum
202 1111 291 1192 quod
312 1111 357 1173 eis
379 1110 558 1182 videbitur,
579 1124 610 1171 et
627 1109 770 1171 maxime
785 1109 823 1171 dc
839 1109 1091 1191 possessionibus
1112 1125 1143 1171 et
1168 1110 1261 1173 bonis
1283 1110 1335 1188 ip-

100 1247 211 1288 sorum
235 1225 475 1289 Veronensium
491 1224 769 1300 extrinsecorum
792 1240 823 1287 et
839 1226 1035 1306 generaliter
1056 1245 1154 1307 super
1177 1226 1333 1287 omnibus

101 1342 338 1424 questionibus,
360 1361 423 1422 que
445 1355 547 1403 essent
571 1340 621 1402 vel
646 1353 774 1422 possent
798 1339 878 1413 fieri,
912 1341 960 1403 vel
983 1341 1064 1402 oriri
1095 1342 1182 1403 inter
1204 1342 1335 1422 aliquos

100 1459 282 1540 singulares
299 1459 338 1520 de
357 1459 497 1519 Mantua
510 1470 625 1552 contra
643 1457 845 1520 Veronenses
860 1472 891 1519 et
907 1457 946 1519 de
960 1457 1090 1520 Verona
1108 1472 1224 1520 contra
1243 1458 1335 1519 Man·

102 1590 232 1646 tuanos,
248 1576 299 1635 vel
322 1574 361 1636 de
373 1574 486 1654 aliquo
510 1574 698 1635 Mantuano
720 1587 836 1634 contra
850 1573 997 1655 aliquam
1016 1574 1267 1636 universitatem
1282 1575 1333 1636 vel

102 1707 224 1754 terram
247 1691 286 1754 de
310 1692 452 1762 Verona,
473 1709 527 1750 scu
551 1689 742 1761 Veronensi,
771 1690 821 1750 vel
845 1689 1033 1752 Commune
1057 1689 1197 1761 Verone,
1220 1692 1269 1753 vel
1295 1692 1335 1750 de

102 1809 215 1890 aliquo
238 1807 417 1870 Veronensi
450 1821 565 1869 contra
599 1807 746 1887 aliquam
781 1807 1032 1869 universitatem
1066 1809 1117 1868 vel
1150 1825 1272 1870 terram
1295 1808 1335 1869 de

103 1927 245 1988 Mantua
267 1946 321 1987 seu
346 1926 555 1996 Mantuan0,
586 1925 636 1986 vcl
666 1925 834 1986 occasione
857 1925 1014 1997 Mantua,
1036 1926 1086 1987 vel
1109 1926 1148 1987 de
1170 1927 1336 1988 alterutro

103 2043 267 2104 dictorum
293 2041 534 2104 Communium
559 2042 608 2102 vel
634 2041 912 2112 Universitatnm,
928 2042 975 2102 ita
999 2041 1086 2123 quod
1110 2042 1190 2103 dicti
1213 2042 1334 2105 arbitri

102 2175 134 2223 et
157 2161 383 2230 arbitratores,
413 2159 461 2220 vel
493 2159 681 2219 amicabiles
709 2160 952 2239 compositores,
981 2160 1030 2220 vel
1055 2179 1141 2220 unus
1163 2179 1276 2221 eorum
1299 2160 1333 2221 in
1382 2205 1383 2208 ,

104 2277 279 2338 concordia
303 2275 449 2347 alterius,
470 2275 571 2336 libere
594 2276 729 2355 possint,
751 2275 865 2336 dicbus
887 2290 918 2336 et
941 2275 1019 2336 locis
1047 2275 1262 2357 quibuslibet,
1284 2296 1336 2337 co-

104 2413 266 2476 gnoscere,
289 2393 443 2461 iudicare‚
466 2391 621 2462 diffinire,
643 2392 810 2464 arbitrari,
833 2393 1006 2473 precipere,
1024 2393 1205 2473 disponere,
1228 2394 1337 2474 provi·

104 2511 189 2580 dcre,
211 2510 424 2588 interpretari
457 2509 521 2568 iam
546 2507 632 2568 dicta
656 2521 687 2569 ct
711 2527 873 2579 revocare,
905 2509 989 2569 sicut
1011 2509 1055 2568 eis
1078 2509 1250 2588 placuerit,
1283 2510 1333 2570 vel

103 2627 275 2687 comittere
286 2644 340 2685 seu
354 2624 500 2703 delegare
515 2623 775 2704 cognoscendum
792 2639 822 2686 et
840 2625 1100 2695 terminandum,
1122 2625 1223 2685 eciam
1242 2624 1336 2684 nullo

104 2743 184 2803 iuris
206 2741 322 2801 ordine
343 2756 483 2810 servato,
500 2742 597 2801 semel
616 2742 664 2801 vel
682 2741 813 2820 pluries,
836 2741 1041 2820 presentibus
1064 2741 1216 2822 partibus
1231 2756 1262 2803 ct
1279 2743 1337 2803 ab·

103 2859 260 2929 sentibus,
276 2858 385 2918 citatis
406 2873 437 2918 ct
461 2878 527 2919 non
543 2858 652 2918 citatis
667 2858 822 2918 omnibus
838 2858 973 2919 arbitris
987 2879 1042 2919 seu
1058 2859 1334 2920 arbitratoribus:

105 2976 206 3035 cciam
230 2975 255 3034 si
279 2974 503 3033 discordarent
527 2975 567 3032 ab
592 2973 731 3034 inuicem
753 2993 850 3053 super
873 2974 985 3053 aliquo
1008 2974 1046 3034 de
1063 2975 1215 3056 predictis
1238 2995 1334 3056 nego-

105 3090 161 3149 ciis
182 3109 235 3149 scu
260 3088 489 3168 questionibus
512 3088 631 3149 tercius
646 3089 770 3149 arbiter
787 3089 968 3150 arbitrator
984 3089 1157 3170 superaddi
1183 3111 1249 3152 non
1266 3111 1337 3172 pos-

106 3206 164 3265 sit:
189 3203 419 3285 promittentes
434 3205 513 3265 dicti
528 3205 645 3265 sindici
669 3206 819 3275 vicissim,
835 3207 894 3264 sub
911 3226 993 3285 pena
1017 3206 1105 3267 mille
1122 3207 1335 3268 marcharum

106 3322 244 3399 amenti,
267 3341 367 3401 quam
392 3340 508 3400 penam
533 3322 571 3381 ad
596 3322 736 3381 ins-'icem
760 3322 910 3401 stipulati
943 3323 1088 3394 luerunt,
1116 3323 1249 3383 nominc
1272 3323 1337 3383 dic-

106 3453 215 3498 torum
241 3436 480 3497 Communium
509 3453 540 3497 et
568 3436 764 3506 Hominum,
793 3453 824 3498 et
848 3440 958 3500 omnia
982 3455 1013 3500 ct
1036 3440 1165 3518 singula
1186 3459 1249 3519 que
1279 3459 1336 3520 per

106 3568 303 3614 memoratos
326 3553 467 3612 arbitros
495 3573 548 3613 seu
580 3553 795 3614 arbitratorcs
820 3553 943 3615 luerint
975 3556 1131 3625 iudicata,
1161 3556 1337 3626 arbitrata,

106 3685 267 3750 precepta,
289 3669 444 3748 disposita
470 3670 518 3728 vcl
542 3670 682 3748 provisa,
706 3670 923 3749 interpretata
950 3673 999 3731 vel
1024 3688 1186 3742 revocata,
1209 3687 1280 3732 rata
1305 3687 1336 3732 et

107 3785 200 3845 tirma
225 3785 344 3844 liabcrc
366 3803 397 3844 et
421 3799 530 3844 tencre
552 3800 582 3844 ct
607 3783 699 3844 tirma
724 3799 754 3845 et
779 3801 849 3845 rata
875 3786 987 3846 baberi
1006 3801 1036 3846 ct
1055 3788 1159 3848 teneri
1184 3789 1285 3848 lacere
1305 3803 1336 3848 ct

108 3903 214 3960 inrarc
239 3921 293 3979 per
316 3921 368 3960 cos
391 3901 430 3959 ad
454 3921 535 3979 quos
558 3901 644 3960 dicta
669 3901 801 3979 negucia
827 3902 874 3960 rcl
900 3902 1035 3982 aliquod
1052 3923 1165 3963 eorum
1191 3905 1337 3982 negocio·

109 4037 180 4064 runa
205 4017 362 4064 snectnlst't
399 4017 445 4064 uel
473 4017 502 4064 ln
529 4017 641 4065 :illotus
666 4016 841 4064 imminebit
884 4019 962 4064 atino
985 4019 1070 4064 ,unni
1097 4021 1119 4064 ci
1145 4018 1337 4066 eorumdem
