2856 4808
44 470 101 548 394
342 488 509 527 rrrtrzrosr
534 488 593 527 rna
616 487 744 527 suttona
768 487 785 526 n
809 485 965 527 nanrova

43 720 120 760 voce
143 699 295 779 preconia
324 714 355 760 et
384 698 424 758 ad
446 717 563 758 sonum
587 717 745 778 campane
778 697 879 778 ipsius
912 697 1085 768 Comunis,
1109 711 1144 758 ut
1169 700 1272 771 moris¹

42 830 99 887 est,
121 815 154 874 in
177 815 313 895 pallatio
338 814 440 875 veteri
462 813 539 874 dicti
563 813 734 883 Comunis,
752 813 808 874 ubi
825 813 950 873 nobiles
972 827 1004 873 et
1026 811 1194 891 magnifici
1209 813 1271 873 mi-

44 933 115 993 lites
136 932 263 992 domini
288 930 482 1012 Raynaldus
504 931 542 992 de
565 930 757 992 Brunilorte
787 944 938 1012 potestas,
967 929 1081 1019 ¹Guido
1103 929 1141 991 de
1164 930 1273 992 Bona·

43 1050 122 1111 cosis
154 1051 251 1122 (sic),
282 1049 474 1128 capitaneus
504 1047 664 1127 gerieralis
694 1061 725 1108 et
756 1062 954 1127 perpetuus,
988 1046 1169 1107 ..Anciani
1201 1060 1272 1108 et..

44 1165 232 1243 Consiliarij
258 1165 419 1226 Comunis
439 1179 471 1225 et
496 1164 613 1245 Populi
637 1163 794 1224 Civitatis
817 1164 966 1233 Mantue‚
988 1163 1022 1223 in
1045 1183 1111 1243 quo
1135 1163 1272 1225 luerunt

44 1283 131 1343 ultra
155 1302 256 1361 quam
279 1282 342 1341 due
365 1295 473 1361 partes
487 1280 651 1341 dictorum
676 1279 953 1350 consiliariorum,
970 1298 1024 1359 per
1046 1299 1128 1360 quos
1145 1280 1271 1361 regitur

42 1410 74 1457 et
96 1395 294 1456 conducitur
318 1398 384 1474 ipsa
408 1396 524 1455 civitas
547 1395 695 1465 Mantue‚
718 1394 758 1455 ad
781 1395 870 1475 quod
893 1396 993 1456 etiam
1018 1394 1223 1457 Vexillileres
1237 1410 1269 1456 et

43 1512 162 1593 Capita
181 1513 382 1574 Societatum
400 1528 431 1574 et
448 1512 677 1573 Paraticorum
695 1511 852 1573 Civitatis
866 1527 898 1573 et
915 1512 1160 1573 suburbiorum
1179 1513 1270 1572 Man·

43 1644 97 1690 tue
120 1650 182 1690 rox
202 1630 353 1710 preconia
369 1630 539 1699 invitavit,
555 1629 790 1700 interfuerunt,
806 1629 949 1690 dicentes
971 1628 1011 1689 ad
1030 1648 1143 1689 eorum
1164 1648 1272 1709 perve-

44 1747 125 1806 nisse
147 1747 315 1817 noticiam,
337 1746 426 1826 quod
448 1746 607 1807 discretus
630 1747 680 1805 tir
702 1746 857 1806 dominus
886 1744 1048 1826 Maplreus
1068 1745 1106 1805 de
1130 1744 1272 1806 Michae-

43 1866 139 1935 libus,
160 1866 239 1925 civis
264 1865 412 1935 Mantue‚
444 1865 542 1926 iudex
563 1852 709 1925 sindicus
740 1881 771 1926 et
794 1878 988 1945 procurator
1012 1864 1113 1945 ipsius
1144 1864 1271 1926 domini

44 1983 209 2045 Guidonis
231 1983 406 2063 Capitanei
429 1997 460 2044 et
485 1982 645 2044 Comunis
663 1983 812 2052 Mantue‚
827 1982 885 2063 qui
901 1982 1040 2042 eundern
1066 2001 1125 2041 suo
1143 1995 1173 2042 et
1193 1981 1274 2042 dicti

44 2101 205 2161 Comunis
237 2101 374 2161 Mantue
409 2100 541 2160 nomine
574 2100 747 2160 constituit
781 2100 940 2160 nuntium
967 2112 998 2160 et
1022 2113 1274 2179 procuratorem

43 2232 142 2298 atque
164 2215 326 2276 sindicurn
352 2235 408 2295 per
431 2215 692 2275 instrumentum
708 2214 890 2294 publicum,
907 2214 1069 2294 scripturn
1093 2233 1196 2274 manu
1220 2214 1275 2275 do-

45 2333 126 2392 mini
149 2331 307 2410 Froglerij
325 2331 363 2392 de
380 2330 556 2410 Froglerijs
571 2331 650 2390 sacri
677 2329 805 2410 pallacii
827 2328 989 2409 notarij,a
1015 2349 1064 2389 me
1086 2329 1275 2410 subscripto

45 2450 177 2511 notario
194 2452 310 2519 visum,
324 2449 512 2528 comparuit
530 2448 755 2527 personaliter,
773 2448 906 2510 nomine
923 2448 1024 2528 ipsius
1046 2446 1172 2508 domini
1190 2446 1276 2509 Gui-

44 2566 138 2626 donis
166 2564 341 2645 Capitanei
365 2579 395 2625 et
420 2564 581 2623 Comunis
606 2564 753 2633 Mantue‚
776 2583 887 2624 coram
915 2562 1097 2643 magnificis
1119 2563 1199 2623 viris
1221 2565 1277 2625 do·

45 2683 142 2743 minis
160 2682 280 2743 Guell'o
296 2682 334 2744 de
351 2681 609 2742 Cavalcantibus
627 2695 796 2761 potestate,
813 2681 949 2742 Soiredo
965 2682 1003 2741 de
1020 2681 1275 2764 Vergolensibus

5 2811 13 2828 ·
44 2798 238 2879 Capitaneo‚
255 2799 413 2858 Ancianis
428 2812 458 2857 et
477 2798 676 2857 Consulibus
689 2796 845 2858 Civitatis
863 2798 1009 2859 Bononie
1026 2798 1058 2858 in
1078 2799 1173 2879 pleno
1190 2797 1275 2859 Con·
1366 2863 1371 2874 ,

42 2917 133 2975 scilio
146 2915 432 2994 Octuagentorum
457 2914 617 2974 Comunis·
633 2930 664 2973 et
681 2914 798 2993 Populi
823 2914 923 2994 ipsius
942 2913 1098 2976 Civitatis
1114 2913 1271 2986 Bononie,

43 3052 201 3111 campane
222 3031 334 3090 sonitu
357 3045 387 3090 et
408 3050 483 3091 voce
501 3031 662 3109 preconia,
681 3034 712 3089 in
733 3031 868 3109 pallatio
893 3031 993 3091 veteri
1012 3032 1091 3092 dicti
1107 3030 1269 3091 Comunis

44 3162 75 3207 ct
99 3147 216 3225 Populi
242 3146 388 3206 llononie
405 3162 586 3207 convocato
601 3162 632 3207 et
651 3162 859 3227 congregato,
877 3148 909 3207 in
926 3168 993 3227 quo
1009 3149 1094 3210 idem
1115 3147 1270 3208 dominus

47 3263 206 3342 blaplreus
227 3263 370 3322 sindicus
393 3278 422 3322 ct
447 3278 652 3343 procurator,
674 3275 704 3322 et
727 3263 904 3323 sindicario
927 3279 958 3324 ct
976 3263 1202 3344 procuratorio
1218 3283 1274 3324 no·

43 3381 130 3439 minc
145 3395 175 3439 ct
193 3381 260 3439 vice
273 3381 351 3439 dicti
368 3381 494 3439 domini
514 3381 678 3440 Guidonis
702 3381 877 3460 Capitanei
894 3397 925 3440 et
940 3382 1102 3442 Comunis
1122 3382 1273 3454 blantue,

44 3498 174 3566 inierat,
199 3497 314 3557 lecerat
338 3511 368 3555 ct
392 3511 602 3556 contruxerat
626 3496 823 3565 societatem,
849 3497 1091 3557 fraternitatem
1115 3513 1145 3559 et
1170 3498 1270 3579 ligam

43 3634 116 3673 cum
141 3613 279 3672 discreto
311 3613 382 3672 viro
411 3612 547 3672 doniino
579 3614 730 3672 Rolundo
752 3614 892 3673 condam
922 3614 1049 3674 domini
1074 3613 1274 3675 Bertolomei

45 3730 217 3798 Carbonis,
240 3730 320 3790 iuris
345 3730 460 3809 perito,
482 3731 606 3789 sindico
629 3746 659 3789 et
684 3743 895 3809 procuratore
919 3745 949 3789 ct
967 3730 1196 3809 procuratorio
1221 3749 1276 3790 no·

46 3849 132 3907 rninc
156 3847 377 3927 predictorum
401 3848 613 3906 dominorum
635 3847 817 3913 Potestatis,
834 3847 1021 3926 Capitanei,
1043 3846 1273 3908 Ancianorum

45 3978 74 4022 ct
93 3963 276 4022 Consulum
291 3963 452 4021 Cornunis
467 3978 497 4023 et
516 3963 632 4042 Populi
651 3963 808 4032 Bononie,
826 3982 881 4042 per
900 3964 1039 4024 formam
1057 3963 1274 4023 instrumenti

44 4083 121 4139 dicti
141 4079 321 4138 sindicatns
333 4093 363 4138 et
378 4080 610 4158 procuratorij,
622 4080 733 4159 scripti
753 4100 854 4139 manu
867 4080 994 4140 domini
1009 4078 1174 4139 Guidonis
1187 4077 1277 4165 Bon-

44 4196 161 4256 talenti
185 4197 346 4275 imperiali
371 4197 569 4256 auctoritate¹
594 4197 755 4267 notarii,a
782 4216 831 4256 ine
856 4196 987 4256 notario
1004 4196 1189 4275 subscripto
1214 4196 1275 4255 visi

44 4313 175 4380 ibidem,
200 4313 231 4371 in
257 4328 420 4390 minutum
445 4335 480 4371 ex
506 4314 630 4373 virtute
652 4329 682 4372 et
706 4313 810 4372 fornia
835 4313 994 4381 mandati,
1024 4311 1218 4381 sindicatus,
1243 4328 1274 4373 ct

45 4429 262 4508 procuratorii
290 4429 436 4508 predicti.
460 4430 546 4508 duod
574 4431 712 4488 babebat
731 4430 778 4488 rel
799 4429 960 4489 babuerat
984 4429 1024 4488 ab
1046 4429 1106 4498 eis,
1129 4447 1274 4507 quorum

45 4560 184 4622 potestas
199 4559 228 4603 et
246 4530 389 4603 olliciuni
409 4560 537 4623 poterat
555 4568 584 4604 sc
602 4546 773 4604 estendere
789 4565 885 4623 super
903 4546 967 4625 ipsa
981 4546 1146 4614 societate,
1165 4543 1278 4604 frater·

45 4663 148 4721 nitate
172 4677 202 4721 ct
227 4663 288 4738 liga
315 4663 469 4730 incunda,
498 4664 653 4726 iacienda.
670 4664 895 4723 contralrcnda
920 4678 950 4722 ct
971 4661 1131 4721 firmanda
1155 4675 1186 4721 et
1203 4681 1278 4721 con·
