2874 4748
65 537 124 597 294
366 534 537 576 accnzlon'l
564 535 624 576 Fut
648 535 776 578 venosa
800 537 818 576 E
843 536 993 578 MANTOVA

63 768 141 828 pore
162 749 256 819 citra,
285 767 348 829 que
381 750 446 830 ipse
468 747 623 810 dominus
656 747 858 829 Capitaneus
890 766 1000 808 amore
1034 747 1133 828 ipsius
1165 745 1295 809 domini

64 865 193 926 Alberti
222 877 254 927 et
284 885 343 946 pro
366 865 452 927 bono
485 864 633 926 caritatis
661 880 692 925 et
724 864 909 926 dilectionis
940 877 1056 926 mutue
1077 863 1239 926 sustinuit
1262 881 1293 926 et

62 979 181 1041 dehinc
203 980 302 1041 etiam
326 994 491 1061 quantum
516 982 636 1061 poterit
658 959 844 1041 sustinebit.

141 1099 184 1158 Et
206 1116 303 1178 super
332 1096 484 1179 predictis
506 1112 537 1158 et
561 1097 702 1157 maxime
731 1115 828 1178 super
858 1097 1065 1157 novitatibus
1099 1097 1293 1160 memoratis

62 1213 154 1274 sactis
177 1214 210 1274 in
235 1213 325 1276 Pado
346 1215 518 1276 consilium
544 1214 724 1296 postulavit
747 1212 827 1293 quid
852 1213 978 1294 placeat
1002 1211 1185 1293 providere.

143 1329 304 1390 Dominus
329 1329 535 1392 Donrafollus
550 1330 588 1391 de
604 1328 763 1400 Tribulis,
786 1328 911 1391 omissis
934 1328 1006 1389 aliis
1018 1327 1212 1398 inhonestis,
1228 1347 1293 1408 que

60 1446 193 1507 comissa
217 1461 320 1508 essent
351 1467 406 1527 per
429 1446 554 1508 dictum
585 1447 759 1508 dominum
783 1446 971 1516 Albertum,
999 1463 1096 1525 super
1120 1443 1208 1506 facto
1230 1444 1291 1503 im-

61 1561 275 1641 portabilium
303 1561 492 1622 novitatum
518 1561 679 1622 factarum
704 1561 736 1621 in
763 1560 852 1621 Pado
868 1574 899 1621 et
916 1559 997 1620 iuris
1019 1557 1183 1619 Comunis
1200 1557 1291 1618 Man·

60 1690 115 1738 tue
138 1676 258 1737 ibidem
282 1678 444 1758 occupati,
466 1677 644 1746 consuluit,
666 1677 754 1757 quod
777 1695 833 1756 per
855 1675 1029 1736 dominum
1053 1671 1289 1754 Capitaneum‚

60 1791 110 1852 vel
134 1790 306 1854 dominum
331 1791 498 1873 Taginum
524 1795 572 1853 vel
597 1791 677 1853 alias
706 1813 857 1874 personas
887 1792 1019 1852 idoneas
1041 1804 1071 1852 et
1091 1789 1290 1851 sufficientes

60 1924 119 1985 pro
141 1905 184 1965 eis
206 1917 300 1966 eatur
317 1906 357 1966 ad
376 1906 501 1967 dictum
525 1906 697 1968 dominum
715 1906 890 1966 Albertum
915 1920 946 1966 et
971 1916 1157 1966 reverenter
1172 1917 1203 1964 et
1226 1902 1289 1963 hu-

59 2020 182 2082 militer
204 2036 303 2102 atque
326 2023 505 2104 prudenter
528 2038 738 2103 exponantur
761 2025 789 2083 ei
813 2021 969 2103 predicta,
991 2035 1021 2081 et
1044 2020 1175 2081 dicatur
1197 2019 1288 2099 quod

59 2138 96 2199 de
119 2139 169 2198 his
193 2138 369 2199 Mantuani
393 2153 576 2219 gravantur
599 2152 630 2200 et
654 2139 871 2200 molestantur
896 2138 935 2197 ad
958 2156 1139 2206 summurn,
1160 2149 1288 2197 etcum

57 2275 93 2316 eo
116 2254 247 2337 pacifice
269 2267 300 2315 et
323 2257 431 2336 quiete
454 2271 614 2336 queratur·
643 2255 837 2336 compositio
867 2269 897 2315 et
922 2252 995 2314 finis
1018 2252 1173 2334 predictis
1194 2267 1226 2312 et
1249 2251 1290 2311 si-

57 2372 200 2433 milibus.

138 2488 271 2548 Domini
297 2488 469 2549 Montinus
491 2502 521 2549 et
546 2488 702 2549 Gerlinus
724 2488 962 2547 consuluerunt
987 2487 1083 2546 idem.

138 2608 207 2686 ligo
230 2607 424 2667 aldelberius
447 2607 596 2666 notarius
615 2606 764 2666 consului
782 2606 870 2685 quod
886 2604 1135 2684 supersedeatur
1159 2601 1209 2661 his
1233 2601 1290 2662 ali·

56 2737 137 2802 quot
160 2722 273 2782 diebus
296 2722 449 2803 predictis
471 2737 502 2783 et
525 2737 713 2804 expectetur
730 2723 753 2782 si
770 2722 924 2782 dominus
947 2721 1104 2781 Albertus
1125 2737 1223 2799 super
1244 2718 1289 2778 eis

54 2838 180 2919 aliquid
205 2839 411 2918 responderet
430 2839 478 2899 vel
496 2840 614 2899 laceret
632 2840 664 2898 in
682 2839 807 2908 melius,
831 2837 918 2918 quod
940 2838 965 2897 si
991 2857 1055 2898 non
1082 2835 1287 2915 responderit

55 2957 102 3016 vel
128 2977 193 3015 non
219 2956 328 3016 lecerit
363 2957 450 3016 intra
485 2977 604 3037 paucos
627 2957 702 3026 dies,
732 2957 819 3036 quod
849 2955 1028 3016 satisfaciat
1061 2951 1227 3014 honestati
1255 2966 1286 3013 et

57 3073 140 3132 votis
156 3073 319 3132 dictorum
340 3072 560 3133 Dominorum
578 3090 608 3135 et
629 3076 902 3144 llantuanorunr,
919 3087 998 3134 tunc
1015 3073 1172 3134 mittatur
1196 3070 1287 3131 dicto

55 3187 191 3246 ‹lornino
221 3189 358 3248 Albevto
386 3189 565 3249 secundum
590 3189 677 3269 quod
703 3189 877 3250 videbatur
904 3189 998 3248 dictis
1021 3187 1164 3248 dominis
1187 3185 1287 3266 Capi·

57 3318 153 3364 tuneo
175 3317 205 3363 et
228 3303 296 3363 eius
320 3305 424 3363 l'ratri.

136 3419 286 3480 Tandem
322 3421 361 3479 ad
385 3422 557 3482 consilium
583 3422 708 3498 domini
733 3422 853 3502 Tagini
889 3423 1013 3502 placuit
1036 3421 1202 3502 sapienter
1225 3419 1288 3479 dil-

56 3536 137 3595 l'evre
153 3551 183 3596 et
199 3540 342 3616 cogitare
358 3558 458 3617 [inpie
477 3552 547 3616 post
573 3558 692 3598 nonam
710 3553 741 3598 et
758 3553 837 3598 tunc
859 3539 1027 3599 consulere
1047 3553 1077 3598 et
1097 3536 1286 3618 providere.

136 3652 278 3712 Nomina
304 3653 498 3734 Sapientum
532 3654 588 3732 qui
618 3654 841 3714 iuterfuerunt
871 3654 1017 3715 Consilio
1046 3652 1285 3733 suprascripto

257 3770 407 3802 ltrrmml.
