2874 4748
626 448 694 490 noc.
718 450 812 490 rxrv:
839 451 913 511 1299

161 661 315 724 nursinae.
403 661 437 726 Si
459 660 589 726 elelilm‘o
612 663 645 728 di
668 663 839 751 sospoaiere
865 669 937 753 ogeri
967 667 1111 732 decisione
1133 669 1199 732 rino
1224 690 1243 733 a
1266 667 1341 756 clepo
1366 668 1393 734 la

165 798 207 849 tre
226 786 443 872 porrrerieliom’.

246 1055 305 1117 Die
327 1055 467 1126 sabbati,
488 1055 631 1117 secundo
654 1053 742 1133 maij.

245 1172 443 1233 Convocatis
465 1185 496 1233 et
520 1171 642 1233 habitis
666 1171 877 1252 Sapientibus
898 1171 1117 1254 infrascriptis
1140 1195 1195 1256 per
1218 1176 1392 1239 dominum

161 1289 395 1371 Capitaneum,
418 1289 452 1350 in
475 1289 544 1350 eius
566 1287 674 1360 domo,
697 1303 845 1369 presente
877 1289 1014 1351 domino
1036 1291 1168 1370 Tagino
1190 1305 1222 1354 et
1245 1308 1393 1373 presente

160 1406 262 1467 etiam
285 1407 421 1468 domino
444 1406 653 1481 Schenardo(
676 1412 698 1480 ).

243 1523 418 1605 Proposuit
446 1523 553 1584 dictus
582 1522 737 1585 dominus
767 1522 980 1603 Capitonem,
1011 1525 1099 1604 quod
1130 1525 1164 1586 in
1192 1526 1282 1586 Pado
1304 1527 1392 1606 apud

164 1637 353 1709 Hostiliam,
369 1637 425 1717 qui
442 1652 488 1698 est
510 1636 549 1698 de
571 1637 642 1698 iure
658 1636 820 1697 Comanis
838 1636 974 1698 Mantue
997 1652 1028 1698 et
1052 1639 1194 1719 pertinet
1217 1653 1248 1700 et
1267 1659 1392 1724 semper

160 1752 323 1834 pertinuit
346 1752 491 1814 Comuni
517 1753 664 1826 lvlantue,
698 1753 780 1813 lacte
809 1765 886 1814 sunt
919 1753 968 1814 his
996 1755 1111 1815 diebus
1137 1757 1312 1828 novitates,
1336 1778 1391 1839 per

159 1870 333 1932 dominum
359 1873 533 1932 Albertum
553 1871 591 1932 de
614 1872 643 1931 la
669 1871 772 1942 Scala,
795 1891 849 1931 seu
873 1891 929 1952 per
954 1872 1103 1933 homines
1128 1874 1323 1935 Veronensis
1345 1875 1394 1934 di-

158 1988 293 2049 strictus
316 2009 374 2070 pro
397 1989 466 2070 ipso
488 1988 624 2049 domino
648 1988 787 2049 Alberto
819 2001 984 2050 structure
1017 1990 1208 2069 lignaminis
1234 2004 1265 2051 et
1289 1990 1392 2052 fixure

160 2108 324 2187 palorum,
348 2107 536 2187 irrequisito
560 2106 628 2188 ipso
651 2107 787 2167 domino
811 2106 994 2188 Capitaneo
1017 2122 1047 2168 et
1071 2108 1216 2169 Comuni
1243 2110 1393 2181 Mantue,

159 2224 193 2284 in
218 2224 434 2304 preiudicium
467 2223 549 2284 iuris
577 2223 677 2304 ipsius
700 2223 872 2293 Comunis,
894 2239 1054 2304 occupato
1078 2224 1117 2285 de
1145 2228 1214 2305 ipso
1237 2225 1306 2288 iure
1329 2225 1393 2286 Co-

160 2339 270 2400 munis
295 2340 442 2400 llantue.

240 2457 378 2538 Propter
401 2457 489 2536 quod
512 2457 795 2543 dictusudominus
819 2457 976 2518 ,olbertus
1000 2457 1110 2517 extitit
1135 2456 1312 2536 requisitus
1336 2477 1391 2538 per

158 2573 286 2634 litteras
307 2573 458 2654 speciales
482 2574 583 2654 ipsius
604 2573 731 2634 domini
755 2573 941 2653 Capitanei,
966 2594 1024 2654 pro
1049 2588 1140 2653 parte
1163 2573 1264 2653 ipsius
1285 2588 1316 2635 et
1339 2573 1392 2633 do-

158 2688 242 2749 mini
259 2688 380 2769 Tagini
399 2687 509 2749 fratris
524 2689 585 2759 sui,
601 2689 820 2749 amicabiliter
837 2704 867 2748 et
886 2701 1084 2759 reverenter,
1099 2703 1271 2768 tamquam
1287 2702 1391 2768 pater,

157 2818 196 2864 ut
221 2825 237 2864 a
261 2804 382 2864 talibus
405 2805 568 2864 abstinere
591 2803 706 2864 debeat
736 2818 766 2863 et
794 2805 882 2884 epuod
907 2823 1072 2865 removere
1096 2819 1127 2864 et
1152 2804 1266 2864 tollere
1292 2804 1390 2864 saciat

156 2919 315 3000 quicquid
340 2920 511 2980 inhoneste
536 2920 657 2980 factam
683 2935 728 2980 est
752 2920 807 2981 ibi.
912 2919 1044 2992 Quibus
1065 2919 1184 2979 litteris
1207 2920 1313 2980 dictus
1335 2919 1392 2979 do-

157 3037 435 3098 minusAlbertus
459 3037 624 3117 respondit
637 3036 725 3116 quod
740 3036 951 3116 permissione
969 3037 1048 3096 ioris
1060 3051 1091 3096 et
1104 3036 1248 3114 legitime
1266 3037 1389 3096 lactum

154 3165 238 3213 erat.
343 3153 422 3214 ltem
446 3167 477 3214 et
501 3173 557 3233 per
580 3152 842 3213 anabaxiatorem
871 3151 1053 3231 specialem,
1082 3151 1231 3212 videlicet
1256 3171 1311 3231 per
1336 3152 1390 3211 do-

156 3267 285 3328 minum
311 3267 499 3337 Geminum,
521 3267 578 3346 qui
602 3287 661 3346 pro
692 3282 784 3346 parte
815 3267 960 3346 ipsorum
986 3266 1207 3326 llominorum
1238 3267 1388 3346 exposuit

153 3383 245 3444 dicto
267 3383 403 3444 domino
427 3384 564 3444 Alberto
589 3383 751 3443 novitates
776 3382 936 3462 predictas
958 3398 987 3441 et
1013 3381 1142 3459 rogavit
1161 3396 1191 3442 ct
1216 3382 1388 3460 requisivit

156 3513 195 3560 ut
218 3501 414 3561 tollerentur
439 3501 602 3560 novitates
625 3501 689 3569 ille,
713 3502 854 3559 maxime
878 3520 940 3578 que
963 3499 1003 3557 ad
1027 3498 1310 3558 conservationem
1335 3519 1388 3577 ag-

154 3616 249 3694 geris,
271 3638 325 3678 seu
343 3620 411 3697 ripe
429 3638 494 3678 non
519 3619 679 3690 attinent;
697 3618 753 3695 oui
769 3616 923 3676 dominus
940 3617 1098 3674 Albertus
1116 3616 1203 3674 dicto
1220 3615 1387 3674 ambasia-

155 3734 221 3794 tori
244 3734 422 3814 respondit,
435 3734 522 3813 quod
537 3734 668 3793 nolebat
686 3732 878 3813 respondere
901 3731 1037 3790 domino
1054 3731 1195 3807 TaginO,
1211 3744 1257 3789 set
1275 3731 1392 3789 tamen

154 3849 292 3909 domino
315 3849 509 3930 Capitane0‚
532 3865 562 3909 et
586 3851 674 3928 qeaod
699 3849 799 3909 nichil
825 3849 869 3908 ibi
894 3848 1016 3908 lactum
1041 3861 1121 3916 erat,
1146 3847 1206 3905 nisi
1231 3865 1289 3924 pro
1312 3865 1387 3904 con-

152 3964 341 4025 servatione
366 3965 444 4043 ripe.

237 4079 316 4139 ltem
333 4081 480 4140 rrarravit
494 4081 600 4141 dictus
612 4081 765 4140 domirurs
782 4079 993 4158 Capitaneus,
1006 4079 1093 4158 quod
1108 4079 1213 4138 multa
1230 4092 1260 4139 et
1278 4081 1385 4139 multa

151 4194 321 4256 commissa
345 4211 421 4256 sunt
440 4217 496 4277 per
513 4198 618 4277 ipsum
644 4197 815 4257 domimini
836 4196 1010 4256 Albertum
1028 4196 1061 4255 in
1080 4195 1232 4255 lesionem
1250 4210 1279 4256 et
1297 4195 1389 4255 elram-

152 4329 235 4370 num
257 4331 353 4373 suum
378 4329 408 4374 et
431 4315 530 4374 etiam
556 4313 716 4374 (Ionrunis
739 4327 768 4372 et
795 4313 978 4372 Hominum
998 4311 1136 4372 llantue
1160 4333 1174 4371 a
1200 4327 1289 4373 certo
1306 4327 1389 4374 tem·

225 4623 262 4688 (1)
282 4621 326 4676 Dc
347 4622 483 4686 Puianis,
505 4641 527 4677 u.
548 4629 630 4688 sollo„
652 4624 684 4677 ol
702 4643 728 4676 a,
756 4639 800 4676 rr.
