2834 4792
94 450 134 516 80
399 474 568 516 aarrzrour
592 476 651 516 rar
676 476 805 519 verrom
830 477 847 516 a
873 478 1024 520 ururovr

96 580 253 588 ——.-

93 678 184 739 ribus
206 699 262 760 per
286 679 412 762 aliquos
435 683 573 744 alicuius
608 683 711 758 partis
732 683 884 753 detentis,
908 682 965 744 fiat
988 683 1074 744 ratio
1097 703 1154 765 per
1181 686 1330 747 arbitros

92 796 314 858 communiter
337 797 463 858 electos.

173 912 315 992 [XVlll]
339 913 532 995 ltem,quod
556 915 700 995 predicta
724 914 868 986 societas,
881 929 911 975 et
927 915 1039 976 omnia
1062 929 1093 977 et
1116 919 1328 999 singulaque

92 1029 126 1090 in
150 1049 186 1091 ea
208 1030 424 1092 continentur
447 1044 606 1111 perpetuo
629 1043 700 1091 rata
724 1044 754 1091 et
778 1029 871 1091 firma
894 1046 1112 1111 permaneant
1131 1046 1162 1093 et
1187 1034 1329 1096 inviola-

93 1145 202 1206 biliter
225 1145 364 1206 debeant
386 1146 564 1206 observari.
648 1147 689 1206 Et
713 1145 799 1226 quod
825 1165 890 1207 non
915 1160 1047 1225 petatur
1064 1167 1121 1208 nec
1144 1148 1328 1230 recipiatur

83 1263 204 1342 'aliqua
228 1262 396 1324 absolucio
417 1282 471 1323 seu
494 1262 627 1324 licentia
649 1282 746 1343 super
773 1261 926 1343 predictis
956 1263 1007 1323 vel
1030 1263 1143 1343 aliquo
1168 1284 1283 1326 eorum
1307 1289 1326 1328 a

94 1378 193 1459 Papa,
218 1379 268 1438 vel
293 1378 504 1459 Imperatore,
527 1380 577 1440 vel
600 1380 711 1460 aliqua
745 1379 808 1439 alia
841 1398 989 1459 persona,
1017 1399 1081 1458 que
1106 1382 1329 1442 concessiones

92 1496 142 1555 vel
166 1495 389 1556 absolutiones
419 1510 522 1575 posset
554 1495 657 1556 facere
679 1515 775 1576 super
805 1494 967 1574 predictis.
1063 1496 1103 1555 Et
1126 1496 1151 1558 si
1177 1516 1325 1559 concessa

93 1612 142 1672 vel
166 1611 244 1672 data
269 1611 379 1681 fuerit,
403 1631 469 1672 non
494 1611 602 1673 valeat
633 1631 689 1672 nec
718 1611 909 1691 recipiatur,
938 1611 1039 1673 eciam
1063 1611 1088 1671 si
1112 1610 1188 1673 data
1214 1612 1327 1675 luerit.

92 1732 135 1791 Et
158 1729 395 1791 nichilominus
417 1729 561 1810 predicte
584 1743 691 1809 partes
714 1729 753 1789 ad
777 1729 923 1811 predicta
946 1729 1059 1790 omnia
1082 1743 1114 1790 et
1131 1731 1260 1811 singula
1283 1745 1326 1792 te-

93 1860 235 1908 neantur
258 1861 289 1908 et
311 1866 342 1906 se
365 1858 544 1908 teneantur
567 1847 698 1907 astricte
721 1866 777 1927 per
802 1846 862 1906 hoc
884 1860 1139 1910 sacramentum.

166 1962 236 2040 ¹Pro
251 1962 373 2044 quibus
388 1964 544 2023 omnibus
560 1963 714 2043 predictis
737 1963 949 2024 attendendis
965 1976 996 2023 et
1012 1963 1180 2024 servandis
1195 1983 1212 2024 a
1229 1962 1326 2024 dictis

92 2077 243 2139 Dominis
264 2091 295 2139 et
316 2077 563 2139 Communibus
579 2093 771 2159 prestantur
795 2084 844 2152 (a)
869 2078 953 2138 bone
974 2078 1181 2138 securritates
1197 2093 1227 2139 et
1251 2099 1324 2159 pro-

91 2194 257 2255 missiones
280 2215 296 2254 a
320 2194 415 2255 dictis
440 2194 590 2256 Dominis
611 2208 642 2255 et
667 2194 922 2265 Communibus,
944 2196 989 2253 sic
1011 2193 1098 2274 quod
1128 2196 1220 2256 nullo
1244 2208 1325 2257 tem-

90 2329 167 2390 pore
190 2311 313 2391 possint
337 2309 485 2390 infringi.
575 2311 616 2370 Et
638 2311 823 2390 specialiter
854 2309 1145 2370 excellentissimus
1169 2311 1324 2371 dominus

92 2427 283 2488 Manfredus
305 2447 360 2488 rex
384 2427 492 2488 Sicilie
515 2427 612 2486 detur
636 2446 695 2506 pro
719 2425 781 2486 lide
799 2427 840 2486 ab
864 2440 1005 2506 utraque
1022 2439 1124 2505 parte,
1145 2427 1170 2486 si
1193 2446 1323 2508 essepo-

90 2543 194 2611 terit.·
262 2543 303 2602 Et
325 2542 426 2602 eciam
451 2556 639 2622 presteutur
661 2556 692 2603 et
718 2540 800 2602 fiant
822 2543 1033 2602 securritates
1056 2543 1113 2601 ubi
1135 2542 1252 2603 melius
1271 2543 1324 2603 ha·

91 2659 157 2719 beri
169 2671 335 2739 poterunt,
348 2658 414 2718 sive
430 2657 613 2720 incivitate
631 2658 859 2725 Venetiarum,
879 2659 927 2717 vel
947 2657 1107 2738 Pergami,
1120 2672 1177 2719 aut
1195 2659 1323 2729 Parme,

90 2774 140 2834 vel
155 2773 259 2852 Regii,
271 2788 301 2835 et
313 2773 413 2834 eciam
428 2774 466 2834 de
479 2773 606 2832 civibus
629 2773 802 2844 Cremone,
820 2774 969 2844 Mantue,
987 2774 1135 2836 Ferraria
1153 2789 1184 2836 et
1201 2775 1323 2846 Padue,

90 2904 188 2971 prout
212 2890 346 2970 utrique
370 2891 455 2969 parti
480 2889 650 2968 placuerit.

172 3131 348 3191 Millesimo
370 3129 593 3190 ducentesimo
617 3151 623 3164 ·
642 3152 658 3190 L
676 3104 770 3192 vriu-
795 3132 957 3192 inditione
973 3130 1124 3202 secunda,
1146 3133 1207 3191 sub
1226 3131 1325 3193 voltis

90 3247 202 3328 palatii
230 3247 306 3307 novi
330 3246 526 3307 Communis
549 3247 722 3318 Cremoue,
744 3249 795 3308 die
820 3247 971 3326 mercurii
997 3268 1079 3306 uxr·
1104 3248 1252 3308 intrante
1274 3247 1325 3307 iu·

91 3367 154 3424 nio.
240 3363 452 3422 presentibus
474 3363 617 3423 dominis
651 3365 828 3425 Rarunino
857 3366 895 3424 de
926 3365 1049 3425 Belotis
1078 3379 1108 3424 et
1132 3364 1260 3424 Trenca
1285 3363 1325 3424 de

89 3479 191 3549 Cella,
215 3479 401 3538 Abramino
423 3480 461 3538 de
488 3479 642 3548 Dovaria,
662 3482 851 3542 Venturino
867 3483 904 3541 de
923 3481 1115 3561 BergoiorrO,
1141 3480 1325 3541 Horabono

91 3597 224 3656 Marisio
247 3595 304 3670 (b).
337 3594 571 3656 Burtlrolumeo
594 3603 640 3670 (c)
672 3598 710 3658 de
734 3599 922 3666 Nuvolouo,
957 3597 1158 3657 Bonacursio
1192 3598 1325 3657 notario

87 3711 126 3771 de
150 3711 295 3771 Subbato
320 3711 357 3770 de
382 3711 505 3782 Puduit,
530 3712 630 3772 fratrc
654 3713 803 3772 Antonio
832 3713 870 3772 de
897 3713 1004 3780 llott0,
1027 3711 1238 3771 Benevenuto
1262 3711 1325 3772 Bo·

91 3829 207 3887 trebelli
230 3843 260 3887 et
285 3828 410 3909 (Ianrba
443 3828 480 3887 de
510 3829 706 3889 Fontauella
737 3830 872 3888 testibus
896 3843 925 3887 et
949 3827 1021 3887 aliis
1045 3829 1177 3906 rogatis.
1260 3829 1325 3888 Ibi-

87 3963 148 4022 que
172 3944 326 4003 dominus
353 3944 495 4004 chrtus
519 3945 666 4004 murclrio
684 3944 906 4004 Pelluricinus
924 3958 1099 4024 perpetuus
1122 3944 1276 4004 dominus
1292 3959 1325 4005 et

89 4073 228 4138 potestas
251 4060 412 4120 (Irernoue
439 4082 496 4140 pro
519 4083 548 4120 se
571 4076 601 4120 et
625 4083 683 4121 suo
708 4064 841 4141 proprio
866 4062 998 4120 nomine
1015 4076 1045 4121 ct
1068 4062 1152 4121 sicut
1169 4061 1327 4122 dominus

87 4190 116 4234 et
138 4191 277 4254 potestus
301 4175 471 4246 Cremone,
496 4179 628 4236 nomine
652 4192 681 4236 ct
707 4177 774 4236 rice
798 4178 995 4235 Communis
1018 4176 1190 4248 Cremoue,
1207 4191 1237 4236 ct
1264 4197 1326 4256 pro

88 4291 155 4368 ipso
180 4290 370 4360 Communi,
395 4307 423 4350 et
448 4293 602 4351 domiuus
626 4292 833 4352 Petroluutus
849 4293 898 4365 (d)
915 4293 1016 4372 pistor
1040 4293 1183 4352 sindicus
1205 4306 1234 4352 et
1253 4313 1328 4373 pro·

85 4422 220 4456 mirator
239 4409 435 4456 l‘umuuruie
453 4411 615 4456 summm
645 4424 678 4456 rit
697 4425 824 4456 crrvrctnt
841 4431 894 4456 rit—r·
913 4410 1172 4457 inerrumuurum
1196 4409 1322 4456 factum
