2874 4748
610 457 692 518 Lnor..
715 458 813 497 rxrn:
840 456 914 519 ¹²97
1325 456 1383 518 279

152 681 261 729 toturn
284 666 474 730 habendum
497 689 594 750 super
617 669 704 730 dicta
735 669 949 750 requisitione
972 670 1052 731 dicti
1079 669 1206 731 domini
1230 669 1382 730 Oraboui

152 785 383 863 procuratoris.
467 785 600 859 Quibus
622 786 757 847 insimul
791 789 997 868 congregatis
1019 786 1053 848 in
1076 786 1165 848 dicto
1188 787 1259 847 loco
1281 799 1312 846 et
1334 805 1382 847 oc·

150 899 278 960 casione
301 899 457 980 predicta,
480 901 586 962 dictus
608 901 763 962 dominus
785 902 885 962 abbas
907 887 1077 983 proposuit
1101 901 1145 962 ibi
1168 902 1256 963 inter
1277 921 1331 963 eos
1350 915 1383 964 ct

149 1034 209 1095 pro
231 1036 262 1076 se
284 1028 314 1076 et
337 1016 406 1096 ipso
429 1017 640 1088 monasterio,
662 1017 898 1087 confratribus,
920 1018 1069 1098 capitulo
1090 1031 1121 1079 et
1147 1030 1326 1086 conventu,
1348 1031 1380 1078 et

149 1131 323 1193 consilium
358 1133 530 1213 requisivit
564 1134 643 1214 quid
678 1133 864 1196 faciendum
889 1134 931 1195 sit
960 1134 1167 1215 superdicta
1201 1134 1383 1214 requisitio-

151 1267 201 1308 ne.
285 1247 360 1320 Qua
385 1250 608 1329 propositione
632 1249 716 1310 factu
735 1269 799 1329 per
825 1251 1141 1312 dictum·clominurn
1164 1251 1312 1312 abbatem
1335 1264 1384 1313 ta-

150 1365 245 1438 tiso)
268 1384 424 1426 monacus
446 1366 590 1427 eiusdem
614 1365 803 1446 monasterii
822 1387 982 1448 propone,
999 1387 1016 1428 e
1032 1368 1107 1428 tutti
1122 1368 1382 1429 unanimemente

150 1478 322 1551 decidonO,
345 1483 403 1541 che
423 1481 454 1540 si
465 1480 585 1562 faccia
600 1491 722 1560 quanto
738 1481 829 1544 vieno
850 1483 1024 1554 richiesto,
1042 1482 1281 1554 rinunciando,
1304 1501 1382 1554 ecc„

148 1591 216 1653 doli
238 1608 268 1655 et
293 1594 325 1655 in
352 1594 475 1656 facturn
500 1609 530 1656 et
554 1614 628 1655 cunr
653 1593 708 1673 aiij
733 1594 816 1665 iuri,
839 1609 898 1656 etc.

753 1831 779 1889 3.

222 1980 324 2034 Fosrr.
345 2012 378 2019 —
398 1981 484 2050 Sugli
504 1965 593 2034 stessi
617 1980 748 2050 i'oglietti
774 1982 916 2047 cartacei,
936 1981 1038 2034 donde
1059 1981 1085 2034 si
1111 1982 1245 2034 desunse
1267 1979 1287 2033 il
1308 1997 1335 2033 n.
1357 1996 1382 2045 2,

149 2085 265 2155 leggesi
284 2087 384 2142 anche
404 2087 425 2141 il
445 2096 593 2156 seguente
614 2089 750 2143 abbozzo
771 2088 802 2142 di
825 2089 1018 2154 istromento,
1037 2089 1146 2142 scritto
1167 2087 1199 2142 di
1220 2104 1310 2142 mano
1331 2086 1382 2141 del

150 2194 254 2262 notajo
275 2193 451 2248 Rolandiuo
470 2194 503 2248 de
522 2194 685 2261 Bertolonn
706 2195 763 2249 che
783 2200 857 2264 rogo
882 2195 902 2248 il
926 2195 1113 2249 documento
1134 2195 1165 2248 di
1187 2210 1319 2265 procura
1342 2194 1379 2247 ri·

150 2300 242 2354 serito
262 2301 291 2354 al
311 2319 340 2355 n.
361 2319 384 2356 1.

617 2550 723 2615 1297
746 2558 921 2625 (estrutto).

240 2746 345 2803 Borea
374 2743 517 2803 dell’allo
545 2748 594 2803 col
614 2749 707 2822 quale
746 2748 889 2807 Orabouo
917 2747 956 2805 da
987 2746 1107 2811 Cnsnle,
1133 2752 1328 2815 rnnnlovnrm,
1355 2748 1387 2804 si

144 2875 295 2946 presenta
318 2889 338 2926 a
368 2868 528 2946 Giuseppe
552 2868 647 2948 (della
671 2872 787 2939 Scala),
823 2872 911 2930 nbula
935 2873 971 2929 di
991 2871 1024 2930 S.
1051 2870 1143 2940 Zen0,
1169 2870 1209 2928 ed
1228 2872 1384 2947 esegnisce

150 2999 266 3069 quanio
296 2992 409 3060 Guriin,
434 2993 610 3052 Riualdino
633 3015 649 3053 e
673 2997 896 3055 Bonnoenlmu
912 3045 918 3069 ‚
937 2996 1023 3072 stuli
1044 2996 1095 3053 del
1106 2993 1152 3072 su
1183 2995 1384 3054 Grovonnz'no

152 3114 335 3192 Borracculsi,
357 3121 412 3194 gli
433 3139 571 3178 avevano
594 3141 758 3180 commesso
780 3125 857 3180 colla
875 3128 1015 3199 procuro
1048 3126 1068 3179 8
1100 3121 1157 3179 dic.
1192 3138 1280 3197 1297,
1306 3141 1322 3179 e
1346 3141 1384 3179 ne

150 3244 259 3302 rr'cenc·
273 3245 300 3301 il
313 3245 446 3302 condono
462 3245 501 3303 du
518 3247 597 3320 oniti
611 3247 732 3322 obbliga
746 3249 782 3305 al
795 3248 888 3324 quale
905 3249 919 3304 z'
926 3246 1063 3324 predelli
1085 3246 1269 3304 Bonaccolsz'
1289 3265 1384 3304 erano

151 3371 251 3426 tertuli
263 3388 350 3428 verso
375 3371 402 3428 il
422 3376 602 3439 monastero,
622 3373 839 3431 interveneudo
855 3393 874 3430 a
892 3373 967 3430 dore
985 3370 1123 3447 efficacia
1139 3391 1158 3428 a
1175 3377 1281 3447 questa
1305 3389 1385 3429 asso·

150 3493 273 3550 lrcezone
296 3493 392 3552 anche
415 3494 633 3562 Bonincontrv,
660 3516 781 3554 vescovo
805 3496 841 3553 di
874 3495 1004 3556 l'erona.

234 3683 473 3764 Ibiqueeornnr
498 3708 569 3746 ven.
587 3703 678 3767 putre
702 3689 836 3748 domino
855 3689 953 3766 Iosep.
979 3688 1036 3748 Dei
1060 3686 1165 3767 gratia
1191 3685 1380 3762 monasterii

152 3799 255 3859 sancti
279 3801 423 3883 (Jenonis
452 3802 489 3861 de
524 3802 650 3862 Verona
675 3804 803 3872 aurun,
826 3819 857 3864 ot
880 3824 989 3863 corum
1015 3802 1158 3862 honestis
1182 3800 1260 3859 viris
1282 3799 1384 3860 domi-

154 3914 203 3972 nis
218 3961 224 3974 .
241 3961 247 3973 .
264 3963 270 3976 .
288 3925 351 3991 .(o)
374 3919 518 3978 monacis
534 3935 563 3979 et
584 3919 741 3980 frutribus
757 3921 898 3981 eiusdem
916 3918 1116 3988 monasterii,
1133 3918 1171 3976 ud
1195 3916 1380 3997 capitulum

204 4130 240 4178 (ui
256 4131 288 4168 La
299 4130 355 4167 scria
366 4128 403 4165 Aa·
411 4129 504 4177 pontini
512 4133 546 4167 sin
557 4129 580 4166 iu
599 4128 623 4169 ri,
638 4140 649 4163 ι’
664 4127 834 4165 nn’i'rufini-ione
845 4125 883 4164 del
891 4129 1019 4163 nominato
1030 4123 1113 4163 ‹tom-va
1129 4136 1200 4162 essert*
1215 4124 1326 4163 costr'lm'iu
1341 4123 1384 4160 riui

152 4203 213 4239 smmi
227 4202 263 4240 dei·
278 4201 373 4239 rrranact'.
