2874 4748
619 411 689 454 noc.
712 411 807 451 extu:
834 409 908 470 ¹299
1318 411 1371 473 291

192 653 195 660 ·
228 624 308 686 Item
332 625 503 706 proposuit
526 643 601 685 cum
627 625 802 685 voluntate
825 623 903 684 dicti
927 622 1054 684 domini
1079 621 1265 703 Capitanei,
1288 625 1375 705 quod

145 740 262 802 Petrus
286 739 451 802 lohannes
473 741 625 801 notarius
653 739 693 801 de
722 739 871 816 Cavacis,
895 739 1014 800 electus
1037 759 1092 820 per
1115 739 1290 802 dominum
1314 741 1377 803 Ca-

144 857 316 938 pitaneum
340 857 380 916 ad
404 853 561 916 Officium
588 855 795 936 Vignalium,
823 855 883 914 sub
912 854 1048 917 domino
1073 855 1246 917 Detesalvo
1268 858 1375 919 iudice

146 973 351 1056 Vignalium,
368 972 507 1054 requirit
522 973 584 1032 sibi
608 972 773 1053 provideri
793 991 853 1054 pro
869 970 1013 1034 Comuni
1042 973 1180 1034 Mantue
1202 975 1240 1036 de
1263 975 1377 1056 aliquo

143 1091 265 1152 salario
281 1091 330 1151 vel
354 1091 456 1160 lucro,
479 1109 545 1171 quo
566 1089 751 1151 satisfacere
774 1089 873 1170 possit
896 1109 1051 1171 expensas
1073 1112 1129 1172 per
1152 1112 1225 1154 eum
1247 1092 1376 1156 habitas

144 1220 177 1267 et
199 1206 366 1268 habendas
382 1207 415 1268 in
439 1225 534 1286 equo,
556 1225 654 1285 quem
678 1205 757 1266 emit
773 1205 812 1266 de
829 1206 987 1267 mandato
1002 1206 1129 1268 domini
1153 1207 1328 1289 Capitanei
1344 1226 1376 1273 et

145 1323 246 1384 habet
269 1337 300 1385 et
323 1336 412 1384 tenet
434 1322 469 1384 in
490 1322 628 1384 servicio
649 1321 729 1383 dicti
753 1321 874 1383 Officii.

226 1439 269 1501 Et
281 1459 377 1520 super
391 1439 545 1520 predictis
566 1439 741 1499 consiliunt
755 1437 948 1518 postulavit,
960 1438 1040 1519 quid
1055 1440 1180 1518 placeat
1193 1442 1376 1521 providere.

228 1551 378 1634 Denique
406 1553 446 1615 ad
469 1553 644 1614 eonsilium
673 1552 861 1614 exhibitum
891 1573 946 1633 per
971 1573 1021 1616 me
1044 1553 1258 1618 Adelberium
1283 1571 1376 1618 nota·

144 1668 245 1740 rium,
265 1669 318 1730 cui
342 1689 439 1731 nemo
461 1668 675 1741 contradixit,
697 1668 822 1749 placuit
845 1668 1010 1740 omnibus,
1025 1669 1112 1749 quod
1131 1671 1375 1751 complaceatur

143 1785 241 1846 dictis
263 1785 526 1847 Bononiensibus
541 1800 573 1848 et
589 1787 789 1846 concedatur
812 1785 856 1848 eis
873 1787 962 1866 quod
981 1787 1115 1848 bladum
1135 1787 1174 1849 de
1189 1789 1297 1849 alieno
1313 1789 1375 1850 dis-

144 1901 249 1962 trictu
262 1915 292 1963 et
305 1903 340 1962 in
357 1903 465 1964 alieno
477 1902 630 1964 districtu
645 1917 826 1982 acceptum,
840 1901 908 1963 sine
928 1901 1053 1973 fraude,
1071 1903 1194 1982 possint
1212 1924 1268 1985 per
1281 1905 1374 1965 Man-

145 2030 288 2078 tuanum
307 2016 440 2079 fortiam
455 2023 504 2092 (a)
528 2017 730 2079 transeundo
753 2018 787 2077 in
813 2017 958 2078 alienum
978 2016 1165 2078 districtum
1193 2020 1375 2092 traducere,

142 2131 301 2193 solvendo
322 2133 455 2214 quidem
474 2132 618 2194 Comuni
643 2134 781 2218 Mantue
797 2134 835 2193 de
850 2134 998 2214 quolibet
1020 2135 1163 2196 sextario
1184 2137 1229 2196 sic
1252 2138 1374 2198 condu-

142 2248 246 2310 cendo
269 2269 374 2310 unum
400 2249 560 2310 Venetum
585 2269 741 2320 crossum,
769 2251 829 2310 sub
861 2250 994 2310 nomine
1018 2251 1110 2330 datij,
1133 2254 1183 2313 vel
1206 2267 1371 2333 quantuni

142 2364 217 2444 plus
240 2365 390 2425 minusve
414 2365 581 2426 videbitur
598 2366 734 2425 domino
757 2364 941 2444 Capitaneo
956 2380 988 2426 et
1005 2366 1139 2427 domino
1163 2367 1192 2426 T
1197 2367 1304 2447 agirm,
1328 2368 1373 2429 ita

142 2478 234 2559 quod
250 2481 282 2540 in
306 2498 420 2540 eorum
444 2480 584 2540 arbitrio
606 2497 774 2541 remaneat
798 2495 915 2560 petere,
935 2481 1078 2562 accipere
1100 2497 1131 2544 et
1154 2482 1280 2564 exigere
1303 2486 1375 2564 plus

142 2610 174 2658 et
192 2596 312 2670 minus,
334 2597 513 2658 secundum
527 2597 614 2678 quod
627 2597 670 2658 eis
684 2599 869 2659 videbitur:
893 2599 1082 2659 adhibendo
1098 2615 1243 2679 preterea
1261 2621 1373 2661 curam

142 2729 175 2776 et
189 2715 370 2777 custodiam
385 2715 576 2794 diligentem
590 2735 645 2795 per
663 2715 799 2776 nuncios
814 2717 965 2796 speciales
986 2717 1133 2797 ipsorum
1152 2718 1373 2780 Dominorum

144 2845 304 2892 venturos
326 2851 400 2892 cum
418 2831 558 2893 navibus
573 2847 604 2892 et
624 2831 753 2893 futuros
769 2851 842 2892 cum
860 2833 935 2912 ipsis
958 2834 1098 2892 navibus
1123 2833 1209 2894 bladi
1226 2836 1267 2894 ab
1282 2836 1373 2895 exitu

142 2948 313 3009 districtus
336 2949 423 3009 unde
447 2950 542 3009 blada
567 2948 743 3009 trahentur
762 2949 912 3028 usquein
930 2949 1110 3028 ingressum
1134 2949 1233 3010 alieni
1250 2949 1373 3011 distric·

95 3123 98 3128 .
141 3080 206 3137 tua,
229 3085 294 3146 quo
310 3066 420 3128 eadem
444 3067 683 3136 conducentur,
700 3067 748 3126 rel
767 3087 821 3146 per
839 3067 941 3126 alium
960 3069 1094 3126 molum
1119 3080 1148 3127 et
1175 3067 1315 3127 l'ornram
1333 3069 1372 3128 ad

140 3183 308 3244 dictorum
332 3182 552 3243 Domitiorum
577 3183 753 3243 arbitrium
778 3199 809 3242 et
834 3184 1053 3242 voluntatem.

226 3298 306 3360 Item
329 3298 416 3380 quod
441 3299 479 3360 de
501 3319 595 3360 arere
612 3299 772 3358 Cornunis
793 3300 930 3359 llarttue
955 3319 1020 3358 non
1047 3300 1261 3378 provideatur
1285 3301 1374 3359 dicto

143 3415 244 3477 Petro
268 3414 408 3476 iohanni
433 3417 564 3476 notario
588 3431 780 3484 memorata
803 3417 969 3476 occasione
993 3416 1149 3496 predicta,
1171 3417 1223 3475 sed
1247 3417 1273 3476 ei
1298 3437 1373 3476 con-

141 3531 278 3592 cedatur
300 3545 331 3592 et
354 3551 391 3590 ex
416 3551 504 3591 nunc
526 3551 711 3591 concessum
737 3531 945 3610 intelligatur
962 3547 992 3592 et
1011 3533 1104 3592 liceat
1129 3533 1369 3612 tanrei,qt1mn

141 3648 213 3708 eius
233 3647 388 3708 consociis
404 3646 444 3706 ad
460 3647 584 3707 dictum
605 3646 775 3707 Banclrtnn
794 3648 992 3707 damnorum
1011 3647 1177 3726 l'igalium
1202 3648 1261 3706 sub
1284 3648 1373 3707 dicto

141 3764 250 3826 iudice
271 3765 457 3824 sedentibus
480 3767 653 3843 percipere,
679 3763 796 3824 habere
821 3779 850 3824 et
874 3764 1001 3841 exigere
1018 3785 1033 3823 a
1051 3765 1198 3844 quolibet
1222 3778 1373 3823 accusato

142 3880 194 3940 vel
217 3893 330 3940 contra
356 3899 452 3958 quem
478 3880 706 3959 procederetur
743 3881 861 3939 ibidem
886 3881 923 3939 de
946 3881 1069 3939 tiarnno
1099 3881 1176 3940 dato
1206 3881 1294 3939 intra
1319 3899 1373 3938 cu-

138 3992 262 4054 stodias
285 3993 477 4072 Vignulium
504 3995 726 4075 predictorum
752 3996 852 4054 trium
873 3995 1092 4055 miliariorum
1116 4015 1169 4054 scu
1195 3997 1280 4054 intra
1307 3997 1369 4055 tria

138 4106 283 4168 miliaria
318 4123 564 4180 contentorum,
596 4110 793 4169 solutionem
819 4111 856 4169 cle
880 4111 944 4168 suis
967 4111 1148 4188 scripturis,
1180 4109 1328 4169 videlicet
1354 4131 1369 4169 a

137 4223 407 4304 comparentibus
430 4240 459 4285 et
483 4247 513 4285 se
537 4225 707 4286 delendere
744 4227 929 4286 colentibus
962 4227 1141 4284 secundum
1169 4226 1368 4304 exigentiam

135 4340 380 4419 scripturarum
403 4361 550 4411 suarum,
575 4357 609 4401 ut
633 4343 824 4401 conceditur·
842 4357 1055 4421 permutata,
1080 4365 1095 4401 a
1120 4343 1372 4403 contumacibus

190 4595 229 4648 (a)
245 4593 286 4635 Sic.
303 4597 368 4635 Furse
381 4597 457 4636 s'lntr'u
468 4597 515 4635 lava
529 4601 570 4646 „ier
580 4598 656 4646 fratri.
