2834 4792
104 469 138 529 18
399 487 571 529 nstnztonr
596 489 655 528 rna
679 488 808 530 annona
833 489 1028 532 snsnrove

97 700 311 789 I’osseraoneo
334 702 415 768 roella
437 723 493 768 sno
517 699 634 789 qrealitd
656 699 690 765 oi
707 699 833 788 podestd
855 701 889 768 di
917 701 1041 768 Verona.
1071 702 1167 769 Nonu'
1189 703 1238 768 dei
1266 705 1328 769 Vc·

96 829 194 893 ronesi
215 826 265 894 che
285 828 451 916 girtrarono
475 828 487 892 i
505 827 590 914 porti
609 825 739 913 prodenti
757 837 813 914 per
827 831 868 908 sd,
888 838 945 914 per
969 827 1001 892 lo
1017 827 1081 894 loro
1107 829 1207 910 Parte,
1229 843 1285 917 per
1301 831 1327 896 il

97 949 238 1017 Cumano.

182 1081 225 1144 28
241 1089 343 1164 agusto
352 1099 364 1156 ,·
379 1074 461 1142 troilo
472 1096 542 1141 cuso
557 1075 591 1140 oi
606 1075 776 1142 Enricbetto
792 1099 807 1142 e
815 1076 940 1164 fratelli
965 1102 981 1138 n
997 1077 1033 1142 de
1051 1076 1280 1146 Oideorondino
1297 1108 1326 1146 a.

96 1199 177 1266 Serio
200 1200 234 1265 di
254 1202 336 1266 nond
358 1199 392 1265 di
413 1199 491 1265 altre
508 1211 644 1287 persone,
668 1199 718 1265 che
738 1202 903 1287 girtrorono
927 1200 952 1266 il
970 1214 1068 1288 patto.

179 1429 225 1490 De
249 1429 403 1492 societate
425 1427 510 1490 facta
536 1448 612 1492 cum
641 1429 833 1492 marchione
858 1431 996 1493 Estensi.
1023 1431 1216 1505 M.CC.V11‚
1239 1434 1328 1496 indi·

96 1546 189 1608 cione
211 1545 336 1608 decima
359 1553 371 1620 (
396 1551 419 1620 ).

178 1661 215 1722 in
239 1660 373 1723 nomine
395 1660 505 1724 Patris
520 1673 552 1723 et
568 1660 645 1721 Filii
661 1675 692 1722 et
707 1661 852 1742 Spiritus
864 1663 978 1726 Sancti
994 1684 1100 1728 amen.
1184 1666 1329 1729 Societas

95 1778 360 1838 Mantuanorum
385 1776 469 1839 facta
492 1795 568 1838 cum
594 1775 731 1838 domino
761 1783 873 1839 Azone
906 1777 1099 1841 marchione
1129 1780 1264 1842 Estense
1293 1796 1325 1843 et

94 1895 212 1956 comite
236 1893 408 1956 Bonisacio
429 1893 468 1955 de
492 1893 621 1955 Verona
646 1914 706 1974 pro
727 1913 759 1955 se
780 1909 812 1957 et
837 1915 894 1956 sua
923 1895 1032 1966 Parte,
1054 1916 1118 1977 que
1152 1898 1251 1959 modo
1278 1913 1325 1960 est

93 2025 124 2072 et
147 2029 207 2091 pro
228 2025 376 2092 tempore
390 2009 463 2072 erit.
569 2009 637 2071 Hec
651 2024 709 2080 est,
724 2010 888 2082 videlicet,
906 2012 994 2092 quod
1012 2013 1160 2074 marchio
1172 2028 1203 2075 et
1216 2032 1325 2076 comes

94 2127 231 2209 predicti
247 2141 277 2188 et
294 2148 351 2188 sua
375 2127 455 2188 Pars
477 2125 592 2188 iurant
615 2126 788 2189 defendere
812 2128 1014 2190 Mantuanos
1035 2143 1066 2190 et
1095 2149 1210 2191 eorum
1238 2132 1324 2192 bona

94 2243 128 2304 in
142 2242 273 2304 Verona
296 2256 327 2304 et
349 2241 419 2303 eius
441 2240 607 2312 districtu,
617 2257 648 2303 et
661 2241 695 2303 in
713 2242 832 2314 alieno,
844 2262 896 2303 eos
909 2262 975 2304 non
988 2243 1161 2315 offendere,
1176 2259 1207 2306 et
1231 2244 1325 2306 adiu-

94 2377 172 2418 vare
193 2377 245 2419 eos
267 2371 297 2418 et
320 2357 476 2418 omnibus
498 2356 699 2429 hominibus,
715 2358 773 2437 qui
792 2377 867 2418 cunt
886 2359 930 2418 eis
948 2358 1091 2420 confines
1107 2359 1242 2432 habent,
1257 2363 1326 2421 suis

93 2487 126 2535 et
149 2491 216 2534 non
240 2473 505 2534 Mantuanorum
521 2473 678 2554 expensis.
774 2487 805 2534 et
820 2474 918 2535 semel
933 2474 1024 2535 omni
1042 2495 1131 2536 anno
1154 2475 1242 2537 infra
1260 2475 1323 2536 XV

93 2587 160 2649 dies
181 2601 356 2668 postquam
380 2609 397 2648 a
421 2602 582 2668 potestate
603 2588 650 2649 vei
667 2589 856 2650 consulibus
873 2588 1010 2650 Mantue
1026 2605 1084 2650 aut
1103 2609 1219 2651 eorum
1235 2610 1324 2652 nun—

93 2703 150 2764 ciis
173 2703 369 2783 requisitum
394 2702 504 2774 fuerit,
532 2702 652 2764 sacient
675 2706 855 2765 exercitum
878 2723 954 2764 cum
977 2705 1105 2765 carocio
1128 2705 1325 2766 Mantuanis

94 2816 247 2898 predictis
268 2832 384 2878 contra
411 2817 483 2878 illas
510 2817 661 2879 civitates
687 2838 750 2898 quc
775 2837 851 2880 cum
880 2819 923 2879 eis
951 2816 1134 2888 confluant,
1161 2835 1191 2880 et
1216 2819 1325 2880 dictus

93 2932 242 2994 marchio
258 2932 293 2993 in
309 2934 571 3014 suprascriptum
589 2934 770 2995 terminum
789 2933 849 2993 XV
866 2933 993 2994 dierum
1010 2934 1108 2995 semel
1124 2935 1215 2994 omni
1233 2953 1324 2994 anno

93 3063 268 3128 postquam
292 3069 308 3110 a
334 3063 493 3129 potestate
517 3049 566 3109 vel
590 3049 780 3109 consulibus
803 3048 943 3108 Mantua
974 3048 1024 3108 vel
1054 3067 1169 3108 eorum
1193 3048 1325 3109 nunciis

95 3163 291 3243 requisitum
316 3163 428 3235 fuerit,
446 3163 548 3232 *saciet
571 3164 750 3225 exercitum
776 3181 850 3222 cum
868 3175 936 3222 tota
954 3182 1010 3221 sua
1029 3161 1244 3241 possibilitate
1263 3163 1325 3221 mi-

94 3279 192 3340 litum
222 3294 252 3340 et
284 3279 432 3360 peditum
463 3293 493 3339 et
522 3279 757 3358 sagittatorum
790 3277 983 3337 Mantuanis
1014 3276 1176 3356 predictis,
1206 3289 1322 3338 contra

94 3394 166 3453 illas
188 3394 348 3464 civitates
371 3413 434 3474 que
456 3413 531 3453 cum
563 3393 607 3454 eis
633 3391 816 3461 continent,
846 3410 902 3451 nce
928 3391 1127 3470 separabunt
1160 3411 1191 3450 se
1223 3391 1326 3452 Vero-

93 3528 205 3569 nenscs
225 3520 257 3568 ct
281 3507 429 3568 marchio
451 3508 490 3567 de
514 3507 661 3588 predicto
684 3505 830 3566 exercitu
853 3516 929 3563 ante
952 3523 1057 3563 unum
1081 3523 1236 3574 mensem,
1260 3505 1323 3564 nisi

91 3624 222 3684 licentia
248 3622 350 3684 totius
372 3622 500 3683 consilii
525 3623 674 3691 Mantue,
698 3620 746 3678 vel
774 3618 908 3678 maioris
938 3617 1051 3697 partis,
1082 3632 1112 3677 et
1143 3617 1177 3676 iu
1208 3617 1323 3678 eodem

91 3758 180 3798 anno
203 3739 332 3798 dabunt
357 3738 558 3798 Veronenses
579 3735 697 3797 eisdem
724 3733 917 3793 Mantuanis
941 3731 1025 3792 inira
1052 3731 1110 3790 XV
1142 3731 1209 3791 dies
1236 3745 1326 3811 post-

90 3873 190 3933 quam
215 3875 231 3914 a
257 3869 382 3915 rectore
406 3854 455 3914 rel
479 3853 662 3913 rectoribus
680 3850 817 3909 Mruuue
834 3847 882 3906 vel
900 3866 1012 3906 eorum
1032 3847 1161 3920 tristitiis
1179 3847 1322 3926 petitum

91 3968 201 4039 fuerit,
223 3988 336 4029 omues
357 3968 427 4028 sine
452 3965 567 4027 fraude
591 3964 710 4025 milites
725 3976 756 4022 et
772 3960 959 4040 sagittarios
984 3958 1178 4020 Veronensis
1194 3959 1325 4021 distric-

90 4098 144 4143 tus
166 4098 280 4144 contra
314 4084 387 4144 illas
417 4082 654 4158 civitatesque
677 4097 750 4137 cum
775 4076 818 4135 eis
841 4072 1022 4144 confluam,
1049 4094 1106 4134 nec
1132 4075 1208 4134 inde
1234 4076 1324 4138 infra

92 4219 196 4259 unum
221 4219 363 4260 mensem
389 4198 541 4258 recedant
564 4195 633 4254 siue
656 4192 812 4273 parabola
838 4188 939 4248 totius
962 4189 1087 4263 consilii
1110 4190 1247 4251 Mantue
1274 4193 1324 4252 vel

91 4316 224 4376 maioris
248 4317 359 4396 partis,
382 4329 412 4376 ct
437 4316 470 4374 in
495 4311 607 4373 eodem
632 4327 719 4368 atauo
743 4305 833 4364 dabit
863 4304 1010 4363 resarcitio
1039 4303 1232 4364 Mantuanis
1253 4327 1327 4386 pre-

89 4433 182 4470 ihsta
208 4432 290 4470 inti-a
319 4432 379 4470 VM
403 4431 469 4470 diac
494 4442 666 4470 nescentiam
694 4443 707 4470 n
738 4436 860 4470 rectore
893 4420 939 4470 vei
973 4419 1153 4470 nestorion<
1185 4421 1326 4470 Mamm»
