2834 4792
142 501 176 561 14
438 501 610 544 RELaztottt
633 501 693 543 Flu
717 503 846 545 Vettona
871 503 890 544 E
914 503 1065 545 MANTOVA

135 713 232 776 finito
257 716 365 797 precio
388 734 448 797 pro
469 716 561 777 omni
583 734 700 797 campo
719 734 726 751 ·
745 715 866 777 XXX·
886 715 1068 780 solidorum
1093 720 1203 780 miuus
1226 737 1293 781 uno
1315 719 1370 782 de·

136 833 230 894 nario
252 845 312 894 etc.
336 830 499 894 Milesimo
520 828 746 893 ducentesimo
767 831 921 904 secundo,
942 831 1108 896 indicione
1130 835 1261 916 quinta.

721 1181 778 1244 111.

206 1389 311 1444 fourr.
323 1417 359 1428 -
370 1388 407 1442 A.
421 1387 460 1443 Di
474 1387 575 1458 prima
589 1403 679 1442 mano
695 1387 716 1442 il
736 1388 922 1444 documento
949 1389 981 1444 iu
1000 1390 1108 1446 scritto
1119 1391 1148 1446 ai
1162 1391 1182 1445 s.
1202 1408 1236 1463 37
1256 1411 1274 1446 u
1285 1393 1369 1448 -38r

135 1499 184 1552 dei
209 1496 317 1552 “Prin
337 1494 422 1551 Com.
443 1494 589 1551 Mantuae
604 1536 630 1562 ,.

677 1743 821 1826 (1202)

223 1939 342 1998 Diritii
355 1938 542 2016 deipupilli
554 1938 591 1998 di
605 1936 763 2016 Zonsredo
785 1939 962 2017 Nagarola.
981 1972 1024 1987 -
1045 1941 1241 2001 Gartebare'no
1263 1961 1280 2000 e
1302 1942 1363 2002 Ni·

133 2061 196 2124 coli
208 2064 244 2123 di
253 2063 372 2124 Enrico
384 2063 484 2123 Balbo
499 2023 548 2122 a'i⁸
558 2063 688 2134 Verona,
695 2067 907 2142 procuratori,
922 2063 1037 2125 nonclee'
1053 2067 1172 2126 Enrico
1196 2075 1214 2100 ‘⁴
1227 2067 1265 2126 de
1280 2066 1367 2127 Sini-

91 2207 96 2216 ·
133 2197 247 2260 verto„
272 2191 389 2250 coruole
412 2189 449 2249 di
463 2191 632 2268 giustieia,
661 2191 697 2250 al
721 2196 822 2269 tempo
849 2190 901 2251 del
914 2187 1045 2269 podesot
1063 2191 1147 2252 Zilia
1174 2189 1225 2272 (de
1253 2192 1366 2252 Corie-

132 2314 248 2396 nuova)
272 2316 356 2376 nella
378 2312 538 2393 qualitadi
557 2316 717 2375 venditori
741 2316 820 2376 delle
846 2336 912 2376 cose
939 2316 991 2376 del
1010 2337 1138 2377 comune
1165 2318 1202 2376 di
1233 2317 1373 2391 Verona,

132 2441 268 2501 vendono
292 2460 357 2501 una
374 2443 568 2519 possessione
590 2462 610 2500 a
634 2439 747 2500 itinero
777 2440 873 2511 Cane,
898 2460 956 2504 ecc.

214 2651 316 2711 Racio
339 2648 543 2730 pupillorum
566 2648 706 2709 condam
731 2648 858 2711 domini
882 2649 1040 2711 Confredi
1064 2651 1103 2712 de
1125 2651 1308 2731 Nogarolis‚

212 2883 409 2963 Exemplum
434 2882 476 2942 ab
497 2882 669 2942 autentico
692 2880 885 2942 relevatum.
968 2880 1021 2943 die
1047 2883 1118 2943 ioco
1139 2895 1170 2943 et
1190 2883 1363 2962 presentia·

212 2998 327 3078 ibique
349 2997 503 3058 dominus
526 2995 753 3058 Gambarinus
768 3010 798 3058 et
815 2995 969 3058 dominus
992 2997 1147 3058 Nicolaus
1169 2997 1208 3058 de
1225 2997 1363 3059 domino

132 3113 279 3175 Henrico
302 3112 405 3173 Balbo
429 3111 557 3172 Verone
581 3125 826 3191 procuratores,
849 3111 1004 3172 dominus
1027 3112 1192 3173 Henricus
1218 3111 1257 3172 de
1279 3112 1363 3173 Sini-

131 3247 223 3292 verto
235 3230 349 3291 consul
365 3228 791 3308 iustitieVerone,tempore
804 3228 930 3289 domini
945 3228 1021 3288 Zilii
1038 3230 1210 3309 potestatis
1222 3227 1363 3298 Verone,

130 3344 186 3424 qui
217 3362 277 3424 pro
307 3344 481 3403 voluntate
510 3342 680 3421 potestatis
708 3355 739 3402 et
769 3340 896 3418 consilii
930 3341 1057 3402 Verone
1086 3341 1125 3402 de
1154 3342 1250 3402 rebus
1282 3340 1362 3401 dicti

129 3457 315 3518 communis
347 3455 534 3516 venditores
556 3468 652 3516 erant
678 3453 852 3515 constituti
880 3473 939 3534 pro
964 3453 1134 3514 communi
1160 3452 1299 3524 Verone,
1322 3453 1362 3513 ti-

129 3575 202 3635 tulo
225 3572 426 3634 venditionis
454 3570 494 3631 ad
525 3571 707 3651 proprium,
736 3569 978 3631 investiverunt
1008 3569 1183 3629 dominum
1212 3569 1360 3628 Mucium

129 3689 266 3759 Canem,
289 3687 496 3750 nominative
519 3686 557 3748 de
580 3698 649 3748 tota
671 3701 757 3747 terra
775 3685 861 3746 infra
888 3685 1046 3746 Levatam
1060 3699 1091 3745 et
1109 3699 1248 3745 stratam
1268 3684 1362 3744 Man-

128 3820 279 3873 tuauam,
302 3825 318 3865 a
341 3803 488 3864 stratella
520 3801 554 3861 in
585 3801 672 3872 foris,
700 3820 801 3880 usque
831 3801 871 3860 ad
898 3814 1083 3878 stropetum
1115 3805 1164 3874 (a)
1193 3799 1232 3860 de
1259 3798 1362 3870 Orb0,

126 3919 213 3981 infra
241 3919 423 4000 predictam
453 3917 612 3978 Levatam
644 3930 674 3976 et
700 3929 839 3976 stratam
868 3915 1099 3986 Mantuanam,
1130 3913 1226 3974 finito
1253 3913 1360 3994 pretio

126 4057 187 4118 pro
208 4037 300 4099 omui
334 4055 449 4116 campo
479 4033 589 4094 ·XX·
618 4031 799 4092 solidorum
828 4031 956 4092 Verone
979 4043 1039 4091 etc.
1136 4030 1359 4110 promiserunt

125 4154 178 4213 isti
202 4150 390 4214 venditores
417 4170 475 4231 pro
501 4149 589 4209 dicto
617 4146 796 4207 Communi
824 4147 946 4206 dictam
972 4145 1195 4205 venditionem
1221 4145 1261 4205 ad
1287 4165 1360 4226 pro-

126 4265 236 4347 prium
261 4285 334 4326 cum
359 4264 514 4324 omnibus
535 4261 601 4321 suis
620 4260 831 4340 pertinenciis
854 4273 912 4320 etc,
