2850 4776
97 472 156 551 248
420 491 588 532 nstnzrour
611 490 671 532 snt
695 489 823 530 venons
850 491 869 530 u
900 490 1051 532 nssrovs

95 702 252 764 mandata
275 701 354 763 dicti
377 701 505 762 domini
541 701 753 772 Marchionis,
777 699 835 762 fiat
859 701 945 762 ratio
967 701 1002 762 in
1032 698 1167 763 civitate
1191 700 1333 764 Mantue

94 819 179 880 sieut
201 818 331 879 civibus
352 817 557 879 Mantuanis.

215 1039 326 1124 [VIII]
348 1040 429 1120 [De]
453 1060 556 1102 necess
581 1060 725 1104 mestuus
749 1059 911 1102 trunsuuu
930 1061 1113 1102 sotvnsrms.

179 1197 260 1260 Item
283 1197 371 1278 quod
395 1196 561 1259 Comunia
586 1197 725 1258 Mantue
739 1213 770 1259 et
788 1197 916 1258 Verone
938 1209 1115 1259 teneantur
1138 1210 1170 1257 et
1189 1197 1332 1259 debeant

96 1314 234 1396 singulis
247 1313 354 1386 annis,
367 1313 529 1394 quamdiu
543 1312 746 1375 voluerimus
760 1325 792 1374 et
808 1312 1008 1384 iusserimus,
1026 1312 1104 1373 dare
1120 1326 1151 1373 et
1167 1311 1334 1392 assignare

99 1431 133 1490 in
157 1428 240 1491 festo
257 1427 362 1490 sancti
378 1428 528 1499 Martini,
544 1428 600 1489 ubi
622 1429 824 1490 voluerimus
844 1447 899 1489 seu
922 1427 1198 1500 ordinaverimus,
1221 1429 1332 1490 decem

99 1545 191 1607 milia
214 1545 378 1606 librarum
402 1544 653 1614 veronensium,
677 1543 826 1607 videlicet
848 1545 898 1604 Vm
917 1551 967 1618 (a)
989 1544 1151 1605 librarum
1178 1543 1330 1606 Comune

99 1663 248 1732 Mantue,
270 1674 301 1721 et
327 1660 375 1721 Vm
399 1661 472 1721 libr.
495 1659 647 1722 Comune
672 1660 810 1732 Verone,
831 1661 941 1722 danda
963 1675 995 1722 et
1018 1661 1244 1723 distribuenda
1269 1680 1327 1722 no-

97 1791 166 1838 stro
178 1776 329 1848 arbitri0,
345 1796 403 1858 pro
420 1776 564 1837 utilitate
576 1776 662 1838 dicte
680 1777 767 1858 pacis
782 1777 1004 1838 conservande
1026 1790 1058 1838 et
1074 1775 1331 1839 manutenende.

218 1986 295 2066 [IX]
319 1986 368 2046 De
393 1984 588 2045 Misit-nus
610 2005 828 2045 Exrnmsuers.

179 2136 280 2199 Facta
315 2138 577 2198 Mantuanorum
611 2137 870 2198 extrinsecorum
908 2150 1020 2197 nostro
1057 2135 1199 2198 arbitrio
1232 2155 1335 2196 reser-

101 2253 234 2313 ramus.⁴

222 2449 280 2527 [X]
305 2449 354 2508 Du
378 2469 584 2508 nsnrrsrrtrs.

180 2600 371 2661 Parentelas
393 2600 526 2680 insuper
549 2598 626 2659 hinc
650 2599 725 2660 inde
747 2599 907 2660 ineundus
930 2600 963 2660 in
982 2614 1094 2661 nostro
1118 2600 1257 2662 arbitrio
1283 2621 1337 2660 vo·

101 2718 213 2778 lomus
236 2737 412 2778 remanere.

223 2916 298 2994 [xl]
323 2916 372 2974 Du
398 2935 651 2976 runttussomors
675 2935 798 2975 usurus.

185 3066 265 3127 item
289 3067 377 3146 quod
402 3067 543 3146 predicte
567 3082 675 3148 partes
697 3067 836 3127 debeant
859 3082 888 3127 et
908 3083 1083 3128 teneantur
1107 3068 1185 3127 dure
1209 3065 1339 3128 fideius-

102 3201 186 3241 sores
209 3201 269 3261 pro
291 3182 357 3260 ipsa
383 3201 468 3260 pace,
492 3181 565 3253 fine,
589 3183 775 3243 remissione
790 3183 836 3257 (b)
852 3184 979 3262 plenius
1001 3182 1222 3253 observandis,
1245 3183 1335 3243 infru

103 3298 183 3357 duos
206 3317 328 3358 meuses
347 3321 362 3357 n
382 3313 527 3379 tempere
544 3299 738 3380 prolationis
754 3299 911 3379 presentis
933 3301 1095 3360 sententie
1116 3319 1170 3358 seu
1190 3300 1335 3378 arbitrii.

223 3501 316 3578 [ΧΗ]
341 3501 389 3560 Dr:
414 3522 672 3561 cosrrnsrs'rrosr:
698 3523 853 3561 resen-:sos
879 3523 935 3560 eun
961 3523 1111 3563 srs'nrcos.

186 3655 263 3714 Item
289 3655 377 3732 quod
400 3655 515 3714 sindiei
538 3655 676 3734 predicti
700 3670 730 3714 et
755 3669 981 3733 procuratores
1006 3675 1061 3735 per
1083 3675 1164 3735 quos
1186 3675 1334 3737 compro·

103 3772 235 3830 missum
261 3770 323 3829 fuit
346 3777 402 3843 (c),
426 3771 491 3830 litu
516 3772 655 3850 presenti
686 3771 858 3840 sententia,
883 3771 1104 3833 incontinenti
1134 3774 1335 3852 approbant,

103 3887 289 3964 cruologent
313 3901 343 3945 et
367 3885 562 3947 confirment
596 3907 666 3947 euru
690 3902 720 3947 et
744 3889 855 3948 sunnia
879 3902 908 3947 et
932 3890 1061 3966 singula
1085 3889 1275 3968 supradicta
1301 3907 1332 3951 et

104 4019 214 4078 parcent
240 4018 431 4080 perpetuam
455 4018 485 4062 et
509 4005 703 4079 generalem,
727 4020 756 4064 et
782 4003 877 4063 linem
896 4019 925 4062 et
950 4004 1085 4064 liberum
1111 4004 1333 4066 remissionem

104 4117 163 4175 sibi
188 4117 227 4176 ud
251 4118 390 4177 imieem
418 4119 549 4186 iaciunt,
577 4136 606 4179 et
632 4121 826 4199 promittent
850 4121 1019 4180 attendere
1046 4135 1074 4181 et
1099 4122 1273 4182 observare
1298 4123 1333 4182 in

104 4234 258 4293 ‹nnnibus
280 4248 310 4292 et
333 4234 469 4314 siugulis
485 4251 516 4294 et
534 4255 587 4314 per
611 4237 721 4296 omniu
739 4252 770 4296 ct
785 4238 924 4316 singula,
950 4253 984 4296 ut
1010 4239 1041 4297 in
1066 4237 1262 4318 supradictis
1283 4258 1338 4298 cu-

105 4351 218 4428 pitulis
250 4351 450 4420 continetur,
484 4353 644 4432 corporali
680 4353 865 4412 iuramento
888 4367 917 4411 ct
942 4356 1028 4431 parcis
1051 4355 1160 4413 osculo
1194 4353 1339 4414 interre-

114 4467 271 4500 *iuuenum
