2850 4776
99 441 157 500 216
409 459 580 502 uurszronr
605 461 664 502 raa
688 462 816 502 venosa
838 463 856 502 n
881 462 1030 503 aasrosn

98 675 190 737 trino
211 675 250 738 de
274 676 440 739 Montalto
473 677 552 738 viris
586 675 708 759 peritis,
740 689 841 758 atque
872 677 1016 740 dominis
1042 676 1271 742 Grasendonio
1293 681 1333 742 de

99 790 270 853 Lovesinis
292 807 322 854 et
348 792 463 874 Ugone
491 793 530 854 de
554 792 692 853 Coradis
721 792 993 854 ambaxatoribus
1022 791 1101 854 dicti
1124 791 1332 866 Communis,

99 907 287 969 volentibus
308 922 339 970 et
362 907 646 970 consencientibus
667 906 823 968 omnibus
844 921 876 970 et
897 908 1035 989 singulis
1051 908 1270 990 infrascriptis
1292 931 1330 972 ex

99 1045 166 1087 una
185 1040 293 1106 parte,
309 1041 340 1088 et
357 1025 512 1087 dominus
528 1026 552 1086 F
556 1045 687 1103 eracaca
710 1026 849 1088 condam
873 1026 1000 1089 domini
1015 1026 1252 1099 Bartholamei,
1267 1029 1333 1090 sin·

97 1141 200 1214 dicus,
233 1157 335 1216 actor,
367 1158 563 1226 procurator
596 1157 627 1205 et
650 1143 792 1204 nuncius
826 1145 989 1206 nobilium
1024 1145 1172 1207 virorum
1202 1145 1331 1208 domini

101 1258 239 1320 Bosonis
261 1258 299 1320 de
315 1259 471 1341 Eugubio
487 1259 662 1322 Potestatis
683 1275 714 1322 et
737 1261 865 1322 domini
882 1261 1012 1322 Alberti
1036 1261 1075 1323 de
1098 1261 1128 1322 la
1152 1262 1243 1324 Scala
1270 1261 1332 1323 Po-

100 1376 171 1456 puli
182 1376 379 1437 Veronensis
394 1377 569 1458 Capitanei
583 1377 743 1456 generalis
761 1377 1078 1457 atqueCommunis‚
1095 1377 1333 1440 Universitatis

98 1506 130 1553 et
148 1491 334 1554 Hominum
357 1493 502 1554 civitatis
523 1494 667 1555 eiusdem
686 1493 824 1563 Verone,
847 1508 884 1554 ut
906 1507 1034 1556 constat
1054 1494 1185 1572 publico
1208 1495 1333 1556 instru-

99 1622 212 1669 mento
233 1608 384 1670 confecto
407 1628 461 1689 per
484 1610 644 1670 Jacobum
668 1610 838 1671 notarium
860 1609 1002 1671 condam
1017 1609 1145 1672 domini
1164 1610 1333 1691 Symonis,

99 1746 115 1785 a
140 1744 191 1786 me
214 1726 345 1786 notario
368 1725 437 1785 viso
459 1740 489 1786 et
513 1728 616 1799 lecto;
639 1739 669 1787 et
692 1725 972 1787 dominusGuido
994 1726 1033 1786 de
1055 1726 1085 1786 la
1109 1725 1229 1797 Turre,
1252 1726 1334 1788 iuris

99 1840 233 1920 peritus,
248 1840 391 1903 sindicus
403 1850 560 1917 acroma),
580 1857 776 1923 procurator
787 1858 818 1905 et
834 1843 976 1903 nuncius
999 1842 1162 1904 nobilium
1179 1843 1329 1905 virorum

97 1947 224 2017 domini
248 1956 337 2018 Petri
360 1957 398 2019 de
421 1957 689 2020 Carbonensibas
711 1958 885 2020 potestatis
913 1973 944 2020 et
968 1959 1095 2020 domini
1121 1957 1333 2020 Pinamontis

98 2075 137 2134 de
159 2074 345 2136 Bonacolsis
360 2075 535 2157 Capitanei
560 2077 709 2155 Mantus,
733 2090 764 2138 et
781 2078 978 2138 Communis
992 2091 1024 2137 et
1044 2075 1277 2136 Universitatis
1298 2091 1331 2136 et

101 2189 285 2251 Hominum
316 2191 462 2251 civitatis
484 2191 627 2252 eiusdem
662 2193 810 2262 Mantue,
834 2207 869 2253 ut
894 2206 1022 2253 constat
1052 2191 1185 2272 publico
1208 2193 1332 2252 instru-

100 2322 212 2368 mento
233 2307 383 2369 conlecto
406 2327 460 2388 per
484 2306 762 2388 Compagnonum
786 2308 912 2369 domini
940 2307 1122 2369 Tuscanini
1149 2307 1331 2377 notarium,

100 2444 115 2482 a
141 2444 190 2486 me
215 2424 345 2486 notario
368 2424 436 2484 viso
459 2440 489 2484 et
514 2425 596 2485 lecto
605 2444 613 2498 ;
637 2425 850 2504 presentibus,
868 2424 1054 2485 volentibus
1073 2438 1104 2484 et
1127 2423 1331 2484 consentien-

99 2540 188 2600 tibus
219 2541 362 2601 dominis
394 2541 503 2601 Taino
525 2555 555 2601 et
579 2541 745 2601 Salvatico
777 2540 815 2600 de
849 2541 1047 2611 Bonacolsis,
1080 2540 1265 2600 Petrebono
1291 2539 1331 2600 de

100 2657 263 2718 Antelmis
284 2671 314 2716 et
339 2656 521 2717 Guilielmo
543 2658 581 2717 de
605 2657 780 2724 Arandris,
805 2658 884 2717 iuris
908 2658 1028 2737 peritis,
1056 2657 1332 2718 ambaxatoribus

99 2772 296 2834 Communis
330 2773 466 2854 predicti
503 2775 650 2842 Mantue,
683 2789 713 2834 ct
748 2774 884 2834 domino
907 2774 1064 2835 Otonello
1096 2775 1134 2834 de
1158 2773 1331 2842 Rivarolo,

99 2889 179 2948 iuris
212 2890 337 2968 petitu,
361 2891 573 2950 ambaxatorc
607 2890 743 2970 predicti
767 2890 965 2950 Communis
1000 2889 1126 2950 Verone
1155 2907 1194 2950 ex
1225 2889 1330 2948 altera

100 3019 202 3084 parte,
226 3008 385 3085 preelecto
410 3008 495 3066 bono
519 3007 605 3085 pacis
625 3021 655 3066 et
679 3006 862 3074 concordie,
885 3022 914 3066 et
939 3007 1145 3066 dissensionis
1167 3020 1197 3067 et
1214 3025 1332 3085 guerre

101 3121 281 3180 incomodis
304 3122 467 3191 recusatis,
496 3124 607 3181 osculo
634 3122 885 3189 interveniente,
910 3125 978 3181 vice
1008 3141 1042 3181 ac
1072 3121 1205 3182 nomine
1227 3120 1332 3181 dicto·

100 3256 173 3296 rum
189 3235 420 3306 Domitiorum,
436 3236 688 3307 Communium,
706 3237 971 3298 liniversitatum
991 3253 1021 3299 ct
1041 3237 1226 3297 Hominum
1242 3237 1331 3299 inter

99 3373 129 3411 se
147 3352 284 3413 vicissim
302 3354 420 3412 bonnm
446 3373 555 3433 pacem
573 3369 603 3414 et
622 3354 830 3414 concordiam
857 3354 1094 3414 inviolabiliter
1119 3354 1332 3424 duraturam,

101 3469 259 3536 inierunt,
281 3485 520 3530 contraxerunt
544 3485 573 3530 et
599 3470 827 3539 firmaverunt,
851 3471 963 3540 modis,
988 3470 1089 3551 pactis
1114 3487 1145 3531 ct
1168 3471 1332 3531 conditio·

101 3586 197 3645 nibus
219 3586 446 3666 infrascriptis.
532 3588 648 3666 inqua
667 3607 742 3666 pace
765 3601 795 3646 et
811 3587 983 3647 concordia
1005 3587 1070 3647 sint
1094 3601 1124 3648 et
1148 3607 1210 3647 esse
1234 3587 1333 3648 intel·

100 3700 247 3779 ligantur
272 3702 317 3760 illi
342 3702 379 3762 de
403 3703 492 3762 Scsso
516 3717 546 3762 et
569 3705 665 3762 :imici
688 3723 812 3772 corum,
835 3703 891 3782 qui
915 3703 954 3763 ad
980 3703 1063 3762 lranc
1084 3722 1192 3782 pacem
1218 3704 1333 3764 venire

101 3816 265 3875 soluerint
290 3829 319 3876 et
343 3837 412 3877 eam
439 3819 691 3897 acceptaverint,
716 3832 813 3896 prout
838 3819 924 3878 inl'ra
947 3819 1083 3878 dicetur.

181 3932 222 4009 [ll
249 3933 360 3992 Primo
385 3934 534 3994 videlicet
570 3934 759 4004 coluerunt,
792 3950 1029 4003 convenerunt,
1060 3934 1275 3994 decreverunt
1300 3950 1332 3995 et

99 4061 289 4107 statuerunt
315 4049 399 4109 inter
421 4073 451 4110 sc·
476 4050 626 4120 vicissim,
659 4051 745 4129 quod
776 4070 888 4110 omnes
911 4065 941 4109 et
964 4050 1085 4130 singuli
1108 4052 1201 4118 cives,
1225 4049 1333 4111 incole

100 4177 130 4221 et
155 4163 357 4224 habitatores
379 4167 534 4235 civitatis,
568 4167 724 4243 territorii
749 4183 779 4228 et
803 4169 970 4228 districtus
996 4167 1086 4246 liegii
1111 4168 1211 4228 libere
1235 4181 1266 4227 et
1290 4191 1334 4228 se·

102 4296 382 4328 r'llrr·.c'1tttt:tt'f¹r'f¹
418 4283 511 4328 rnlsnc
527 4297 558 4328 nt
578 4284 720 4328 morconisx
738 4286 859 4329 ism-einr
878 4284 922 4328 iro
950 4284 1071 4328 mnrnri
1096 4298 1125 4328 ot
1151 4284 1255 4328 wilm
1275 4304 1333 4329 mor·
