2850 4776
107 445 166 522 234
411 464 581 505 nnrrzrour
607 466 665 507 rur
689 465 817 508 venons
840 467 859 506 rr
882 465 1033 508 ulurova

103 691 134 737 et
158 676 353 737 mandatum
375 690 491 757 sponte
512 678 733 759 suscipientes,
748 692 779 740 et
795 676 976 758 quemlibet
1000 677 1166 740 eorum'in
1180 679 1334 753 solidum,

103 792 144 853 ad
166 793 424 874 comparendum
457 813 568 854 coram
602 793 777 875 magnifico
805 795 878 854 viro
910 794 1045 856 domino
1079 797 1219 859 Alberto
1240 797 1279 858 de
1303 799 1333 860 la

103 907 207 978 Scala,
220 908 334 988 populi
358 907 487 969 Verone
508 909 682 990 capitaneo
704 909 859 989 generali,
885 925 916 970 et
940 909 980 970 ad
1003 909 1277 972 consenciendum
1302 925 1333 973 et

102 1024 440 1102 compromittentium
464 1024 498 1084 in
515 1043 590 1086 eum
614 1039 786 1105 tamquam
802 1024 837 1085 in
853 1024 1018 1085 arbitrum
1041 1039 1073 1086 et
1097 1025 1332 1089 arbitratorem

100 1154 131 1200 et
155 1140 298 1201 amicum
331 1160 517 1210 comunem,
549 1159 615 1202 una
648 1161 722 1202 cum
754 1155 978 1223 procuratore,
1009 1140 1146 1214 sindico,
1169 1155 1278 1205 actore
1301 1157 1333 1205 et

103 1257 225 1317 nuncio
239 1256 370 1337 speciali
387 1255 554 1336 magnifici
569 1256 632 1317 viri
649 1256 776 1319 domini
800 1256 1009 1318 Pinamontis
1026 1257 1065 1319 de
1084 1257 1258 1319 Bonacosis
1271 1265 1334 1332 (a),

101 1372 247 1434 civitatis
271 1373 409 1434 Mantue
431 1373 595 1454 capitanei
617 1373 786 1455 generalis,
801 1387 832 1434 ct
850 1373 1011 1435 Comunis
1034 1375 1183 1446 Mantue‚
1198 1376 1333 1437 nomine

100 1509 160 1549 suo
181 1503 212 1550 et
234 1508 370 1550 suorum
392 1502 422 1550 et
445 1489 668 1550 subiectorum
684 1489 745 1549 sibi
762 1490 813 1550 uel
829 1487 928 1550 alicui
944 1488 999 1568 alij
1024 1489 1062 1549 de
1085 1489 1220 1551 civitate
1236 1491 1333 1551 Man-

102 1621 158 1666 tue
181 1607 230 1667 vel
253 1607 441 1687 episcopatu
464 1606 617 1675 eiusdem,
641 1624 700 1687 pro
723 1605 843 1686 quibus
874 1605 1025 1686 promisit
1052 1625 1084 1666 se
1108 1605 1276 1667 facturum
1299 1621 1332 1668 et

100 1737 297 1784 curaturum
321 1723 409 1804 quod
432 1723 543 1784 omnia
567 1743 665 1804 supra
688 1736 719 1784 et
743 1722 954 1802 infrascripta
977 1721 1148 1784 habebunt
1165 1736 1247 1793 rata,
1269 1724 1332 1784 sub

102 1860 183 1920 pena
201 1840 338 1901 inferius
353 1840 561 1910 declaranda,
576 1855 607 1901 et
625 1841 757 1901 nomine
773 1839 935 1901 Comunis
958 1839 1106 1909 Mantue,
1122 1838 1161 1899 de
1176 1840 1333 1901 omnibus

100 1958 224 2027 litibus,
236 1958 516 2028 contentionibus,
529 1958 654 2037 guerris
676 1970 707 2018 et
729 1956 869 2027 iniuriis,
886 1975 948 2036 que
965 1970 1043 2016 sunt
1061 1956 1111 2017 vel
1135 1969 1270 2017 actenus
1285 1957 1332 2032 (b)

102 2075 237 2134 suerunt
260 2073 345 2134 inter
368 2073 473 2154 ipsum
498 2074 671 2134 dominum
696 2073 922 2134 Marchionem
946 2086 976 2133 et
1005 2072 1126 2133 amicos
1148 2071 1249 2152 ipsius
1269 2073 1331 2133 sibi

99 2192 270 2262 subiectos,
292 2210 441 2269 sequaces
459 2203 488 2251 et
506 2190 707 2259 adherentes,
723 2191 924 2270 quicumque
947 2203 978 2249 et
1002 2188 1232 2270 undecumque
1254 2189 1332 2261 sint,

102 2326 161 2386 pro
183 2308 304 2387 quibus
326 2306 477 2387 promisit
500 2305 538 2365 de
562 2319 645 2375 ratu,
676 2319 707 2366 et
738 2303 888 2366 Comune
912 2305 1044 2366 Ferarie
1073 2318 1104 2366 et
1127 2305 1277 2366 civitates
1299 2319 1331 2367 et

101 2425 169 2482 loca
192 2436 223 2483 et
247 2436 352 2482 castra
375 2422 520 2481 subiecta
543 2421 631 2482 dicto
654 2420 790 2480 domino
814 2420 999 2481 Marchioni
1024 2442 1060 2482 ex
1085 2441 1150 2482 una
1175 2436 1278 2502 parte,
1300 2435 1331 2483 et

99 2539 224 2599 dictum
248 2537 421 2598 dominum
456 2537 689 2598 Pinamontem
712 2551 743 2597 et
766 2556 848 2607 suos,
879 2540 937 2616 pro
965 2538 1086 2618 quibus
1118 2540 1268 2618 promisit
1292 2538 1331 2599 de

100 2668 182 2724 rato,
204 2669 236 2715 et
258 2654 384 2714 dictum
409 2652 594 2714 Commune
619 2655 756 2714 Mantue
779 2667 807 2714 et
830 2654 992 2715 subiectos
1014 2653 1103 2714 dicto
1123 2653 1260 2715 domino
1278 2653 1332 2715 Pi—

99 2772 250 2833 namonti
274 2772 324 2831 vel
348 2772 445 2832 alicui
469 2770 665 2831 decivitate
689 2772 826 2830 Mantue
842 2771 891 2830 vel
910 2771 1097 2851 episcopatu
1121 2783 1152 2830 et
1175 2784 1280 2831 castra
1297 2785 1329 2832 et

98 2891 166 2950 loca
199 2889 343 2948 subiecta
373 2888 461 2948 dicto
484 2887 620 2948 domino
638 2887 829 2947 Pinamouti
858 2887 906 2945 vel
938 2886 1037 2946 alicui
1060 2886 1116 2947 alii
1139 2886 1329 2949 decivitate

98 3006 147 3066 vel
171 3005 358 3085 episcopatu
385 3005 523 3064 ulamue
545 3025 582 3064 ex
606 3004 727 3078 altera;
750 3003 837 3064 etad
861 3003 1009 3063 dandum
1031 3017 1062 3064 et
1082 3003 1328 3065 concedendurn

98 3123 202 3182 eidem
225 3122 360 3182 domino
384 3122 523 3182 Alberto
540 3122 675 3182 liberam
701 3135 894 3202 potestatem
913 3121 946 3180 in
963 3121 1118 3181 omnibus
1132 3121 1332 3202 supradictis

98 3253 128 3298 et
151 3238 318 3298 occasione
334 3239 479 3318 ipsorum
503 3237 700 3307 arbitrandi,
722 3236 965 3318 pronunciandi
989 3250 1020 3297 et
1043 3236 1229 3297 diffiniendi
1247 3256 1329 3318 quo·

99 3355 339 3435 modorumque
361 3369 392 3415 et
415 3355 703 3434 qualitercumque
732 3354 793 3413 sibi
824 3355 995 3434 placuerit,
1022 3354 1118 3414 semel
1142 3367 1172 3414 et
1196 3353 1330 3434 pluries,

98 3473 148 3532 dic
172 3471 288 3532 l‘criato
310 3484 341 3531 et
374 3491 439 3530 non
466 3470 591 3539 leriam,
615 3471 763 3550 partibus
786 3470 895 3531 citatis
916 3485 948 3530 et
970 3489 1034 3530 non
1059 3469 1178 3541 citatis,
1201 3488 1330 3550 presen-

97 3591 184 3650 tibus
207 3603 237 3650 et
261 3589 459 3657 absentibus,
483 3587 561 3647 iuris
593 3588 708 3648 ordine
740 3602 869 3647 serrato
897 3602 927 3647 et
959 3606 1024 3646 non
1048 3585 1195 3660 seri‘ato;
1228 3599 1260 3646 et
1287 3587 1328 3647 ad

96 3707 244 3766 dandum
269 3705 435 3766 licentiam
453 3718 483 3764 et
502 3705 636 3764 liberam
655 3717 848 3784 potestatem
872 3703 1018 3783 predicto
1030 3702 1166 3762 domino
1189 3702 1330 3763 Alberto

97 3823 249 3903 elligeudi
275 3823 361 3882 viam
386 3821 503 3881 arbitri
527 3837 557 3881 et
582 3821 800 3890 arbitratoris,
822 3835 853 3882 et
878 3841 943 3880 una
967 3821 1079 3880 ellectu
1104 3820 1143 3880 ad
1166 3819 1266 3880 aliam
1290 3819 1330 3880 li-

100 3939 171 3998 bere
194 3937 350 3996 redeundi
361 3957 368 4010 ;
391 3937 478 3996 etad
497 3936 758 4017 promittendum
778 3956 890 4015 parere
908 3934 1016 4004 laudo,
1039 3933 1190 4002 arbitriO,
1208 3952 1262 3992 seu
1280 3953 1329 3995 ar·

100 4055 282 4125 turmioni,
296 4055 345 4114 vel
359 4054 553 4113 dillinitioni
567 4053 702 4132 predicti
718 4051 843 4112 domiui
858 4051 986 4110 Alberti
998 4069 1005 4121 ;
1018 4065 1048 4110 et
1062 4048 1328 4129 promittendum

97 4191 152 4249 per
176 4185 307 4250 pactum
335 4191 399 4230 non
424 4171 588 4250 appellare
611 4185 641 4230 et
666 4169 890 4228 reductionem
908 4166 948 4225 ad
965 4167 1141 4226 arbitrium
1169 4164 1245 4224 boui
1265 4165 1330 4226 viri

98 4307 161 4328 ann
188 4302 311 4328 nntnrn·
335 4302 364 4328 nr
391 4287 427 4328 viil
453 4287 649 4328 commistioni
687 4286 821 4328 lttll.ltrm
846 4298 876 4328 ΡΥ
902 4282 1077 4328 τΠΜΤΓὶΙΗἹἹ
1105 4282 1307 4328 sslll‘llkl‘lflllm
1325 4303 1331 4315 ·
