2834 4792
395 486 562 529 nr-:mzrout
586 485 645 528 Fun
669 483 798 526 vEnoNn
821 485 840 526 E
864 485 1018 528 ,llANTOVA

174 700 245 763 Hoc
267 699 366 763 modo
389 711 508 782 petunt
532 697 710 760 Mantuani
740 696 886 778 predicta
919 697 1035 759 debere
1064 696 1193 759 attendi
1214 711 1247 760 et
1269 716 1327 759 vo·

91 818 167 880 lunt
190 814 273 878 illud
295 816 381 878 idem
406 814 529 889 sacere;
552 813 715 885 videlicet,
736 815 762 875 si
785 813 915 877 debitor
944 814 1069 876 solvere
1097 825 1212 896 posset,
1234 813 1325 895 quod

89 931 284 994 omnimodo
304 931 523 1013 compellatur
544 943 582 991 ut
603 930 720 1001 solvat,
743 930 794 992 vel
817 929 856 992 de
879 929 973 992 bonis
993 928 1152 992 debitoris
1175 928 1325 992 venditio

72 1129 77 1136 ι
92 1047 149 1110 liat
164 1068 224 1130 pro
236 1046 406 1111 communi
419 1045 574 1109 civitatis.
656 1059 688 1107 et
703 1044 743 1107 de
757 1045 866 1127 precio
883 1045 1039 1108 creditori
1049 1046 1212 1118 solvatur,
1226 1044 1327 1107 salvis

91 1163 272 1246 privilegiis
292 1162 506 1226 creditorum.
588 1160 646 1243 qui
660 1180 738 1223 vero
752 1180 818 1223 non
831 1161 978 1236 solverit,
993 1162 1027 1223 in
1043 1161 1154 1223 banno
1166 1174 1325 1242 ponatur,

91 1299 147 1342 nec
169 1279 210 1341 de
230 1299 268 1342 eo
289 1277 489 1341 extrahatur
510 1277 579 1340 sine
610 1253 785 1340 voluntate
812 1277 1045 1359 conquerentis
1071 1291 1103 1339 et
1125 1275 1165 1339 de
1186 1275 1323 1339 civitate

89 1411 121 1458 et
143 1396 213 1458 eius
235 1393 360 1458 virtute
375 1395 572 1477 expellatur.
655 1408 686 1457 et
702 1395 727 1456 si
752 1393 786 1457 in
809 1393 945 1458 civitate
968 1395 1018 1456 vel
1041 1393 1195 1456 districtu
1217 1413 1324 1455 mora·

91 1525 192 1583 retur,
211 1511 328 1573 civitas
349 1511 400 1573 vel
422 1511 512 1573 locus
533 1511 568 1572 in
591 1529 658 1593 quo
681 1525 880 1580 moraretur,
903 1522 1056 1572 teneatur
1072 1529 1186 1591 capere
1206 1509 1325 1571 banni·

91 1641 164 1689 tum
186 1640 217 1689 et
241 1626 276 1689 in
299 1625 425 1689 virtute
447 1626 680 1708 conquerentis
701 1625 780 1688 dare
802 1639 832 1688 et
856 1625 1047 1688 conducere.

173 1745 253 1807 Item
276 1744 451 1808 extimatio
474 1746 524 1807 vel
548 1744 700 1807 vendicio
724 1744 809 1807 facta
842 1745 882 1806 de
906 1744 1000 1804 bonis
1022 1741 1158 1805 Ottonis
1179 1739 1218 1824 de
1242 1739 1326 1804 Ger-

91 1862 171 1925 vino
187 1874 219 1923 et
244 1861 443 1932 Polastrelle‚
467 1861 557 1923 nulle
572 1860 650 1933 sint,
671 1874 718 1922 set
741 1860 862 1922 iterum
878 1858 935 1921 fiat
958 1860 1090 1921 subasta
1107 1873 1139 1921 et
1161 1839 1322 1920 citimum

90 1978 129 2039 de
144 1977 240 2039 dictis
263 1977 367 2048 bonis,
377 1990 408 2038 et
422 1977 495 2058 plus
516 1975 666 2038 offerenti
682 1976 790 2046 detur,
805 1974 903 2036 salvis
918 1974 1100 2056 privilegiis
1111 1970 1326 2043 creditorum,

89 2092 210 2155 sciente
232 2092 421 2154 Petrebosio
444 2093 494 2153 vel
517 2092 586 2153 eius
608 2091 741 2170 nuncio,
762 2109 818 2153 seu
843 2090 955 2151 uxoris
976 2091 1055 2152 eius.

174 2208 255 2270 ltem
277 2207 302 2268 si
325 2207 360 2270 in
382 2207 444 2279 die,
467 2207 588 2289 aliquis
609 2207 745 2268 illarum
768 2205 946 2268 civitatum
970 2207 1032 2269 erit
1050 2207 1203 2289 deinceps
1229 2224 1325 2286 expo·

90 2325 191 2387 liatus
213 2325 246 2387 in
271 2323 441 2388 territorio
475 2324 525 2386 vel
558 2323 712 2385 districtu
746 2324 886 2385 alicuius
920 2324 1053 2385 illarum
1082 2322 1270 2393 civitatum,
1292 2336 1324 2382 et

91 2440 188 2523 prede
210 2440 357 2523 poterint
380 2440 430 2514 (d)
453 2439 588 2520 probari
610 2438 823 2502 manifeste...
845 2446 900 2514 (e),
926 2453 957 2501 et
981 2440 1041 2501 hoc
1063 2460 1140 2500 sane
1161 2437 1325 2518 intelliga-

91 2571 146 2617 tur
168 2555 349 2617 secundum
374 2556 496 2617 bonum
522 2574 616 2616 usum
640 2554 785 2616 civitatis
807 2553 876 2637 (f).
961 2553 1149 2616 Commune
1169 2552 1326 2623 civitatis,

90 2673 124 2734 in
140 2672 234 2733 cuius
256 2672 381 2734 virtute
402 2672 465 2734 erit
486 2672 582 2744 locta,
599 2685 752 2733 teneatur
777 2670 881 2733 lacere
897 2671 1068 2733 restituere
1091 2690 1174 2740 eam,
1190 2683 1249 2731 aut
1266 2688 1323 2750 per

89 2808 142 2849 eos
163 2786 220 2868 qui
242 2808 314 2850 eam
338 2788 486 2850 fecerunt
510 2789 559 2848 vel
584 2807 639 2868 per
663 2786 851 2848 Commune
869 2787 930 2848 loci
947 2788 982 2849 in
1005 2787 1099 2847 cuius
1116 2786 1241 2847 virtute
1259 2785 1323 2847 fue-

92 2904 136 2966 rit
159 2903 258 2966 lacta.

171 3023 277 3104 Super
300 3020 571 3102 promissionibus
594 3019 688 3082 iactis
711 3020 760 3081 vel
784 3020 955 3082 sententiis
985 3019 1060 3080 latis
1090 3021 1138 3079 vel
1166 3016 1327 3099 preceptis

91 3159 108 3200 a
125 3138 306 3201 Communi
330 3137 465 3201 alterius
486 3138 633 3199 civitatis
650 3138 699 3199 vel
716 3159 733 3199 a
754 3138 935 3200 rectoribus
950 3158 1063 3200 earum
1086 3157 1145 3219 pro
1162 3135 1324 3218 singulari

91 3273 238 3335 persona,
253 3274 350 3335 super
372 3252 622 3335 quantitatibus
638 3253 724 3315 ratio
738 3269 955 3333 cognoscatur
971 3274 1081 3315 coram
1098 3252 1243 3313 arbitris.

90 3367 135 3430 ita
159 3383 271 3430 tamen
295 3369 384 3448 quod
409 3369 534 3430 iactum
567 3368 757 3450 Raymondi
793 3369 909 3429 iudicis
938 3370 976 3430 de
1012 3369 1250 3430 Lethebellano
1274 3367 1323 3428 vel

88 3503 287 3556 concessum,
310 3485 505 3546 attendatur
528 3485 597 3546 sine
619 3487 811 3566 questione,
833 3500 870 3547 ut
893 3487 953 3547 sibi
977 3487 1173 3568 promissum
1197 3499 1243 3546 est
1268 3503 1325 3566 per

89 3599 265 3660 consilium
292 3598 442 3671 Verone,
475 3599 573 3660 salvis
595 3601 699 3682 pactis
720 3617 751 3662 et
782 3602 1054 3681 promissionibus
1086 3617 1117 3662 et
1148 3600 1326 3662 contracti-

90 3717 149 3776 bus
170 3732 200 3777 et
223 3716 408 3777 concordiis
430 3717 516 3779 inter
541 3718 744 3778 Mantuanos
767 3732 798 3780 et
824 3718 1026 3780 Veronenses
1052 3719 1154 3780 iactis.

170 3932 252 3994 uuo
275 3933 350 3993 iuro
373 3933 412 3993 ad
436 3948 548 3993 sancta
575 3931 633 3993 Dei
651 3932 844 4014 Evangelia,
862 3932 950 4013 quod
969 3933 1124 4013 recipiam
1140 3953 1254 3994 omnes
1278 3933 1323 3993 la·

90 4047 309 4109 mentationes
333 4047 506 4108 hominum
522 4047 667 4108 civitatis
682 4068 717 4108 ac
735 4049 871 4110 virtutis
888 4048 913 4106 V
918 4069 1026 4120 erone,
1043 4049 1322 4128 conquerencium

88 4164 127 4225 de
151 4163 342 4225 hominibus
359 4166 462 4225 nostri
480 4164 648 4226 districtus
667 4165 815 4235 blomne,
838 4180 868 4227 et
886 4165 923 4226 de
944 4166 988 4226 eis
1011 4165 1096 4225 inira
1121 4186 1129 4198 ·
1148 4184 1234 4223 xxx·
1258 4163 1326 4224 dies

89 4293 263 4360 postquam
286 4299 465 4361 suscepere,
489 4296 519 4341 et
544 4280 625 4340 mihi
649 4281 687 4341 de
710 4282 780 4342 iure
815 4302 886 4342 meo
908 4281 1112 4344 satisfactum
1140 4281 1250 4350 luerit,
1274 4281 1324 4340 ius

86 4393 205 4465 dicam,
226 4395 406 4456 secundum
430 4395 518 4474 quod
543 4395 681 4456 inferius
698 4397 830 4476 legitur,
847 4397 885 4456 de
902 4396 1069 4458 maleficiis
1091 4397 1157 4456 sive
1175 4417 1270 4477 pena,
1286 4395 1325 4456 de

88 4512 183 4571 terris
205 4510 272 4571 sive
297 4511 467 4571 fructibus.
549 4512 587 4571 de
603 4511 721 4572 debitis
738 4513 797 4571 hoc
817 4512 926 4580 modo,
950 4513 1037 4592 quod
1061 4513 1085 4570 si
1110 4512 1230 4592 aliquis
1255 4532 1326 4571 mu-
