2858 4792
108 441 162 484 roo
405 442 577 484 antimosi
600 443 659 484 sni
683 442 812 484 svenosa
835 443 853 483 n
879 443 1031 485 niurovr

101 656 332 727 offenderetur,
355 656 404 716 vel
426 656 520 718 cuius
541 656 711 719 districtus
733 656 784 718 vel
808 656 896 718 locus
917 671 1096 738 occupatus
1118 673 1196 721 esset
1220 663 1270 724 vel
1287 663 1333 723 in-

100 792 196 834 vasus
218 793 274 855 per
289 773 426 855 ,aliquos
447 772 599 834 inimicos
621 774 671 834 vel
696 773 862 835 bannitus.

181 889 256 970 [Vl]
280 890 374 960 Item,
395 888 485 971 quod
517 889 655 971 predicti
677 903 708 950 et
730 889 870 970 quilibet
898 890 1122 971 predictorum
1149 907 1329 958 teneantur

101 1009 220 1089 precise
241 1021 273 1069 et
297 1006 538 1069 inviolabiliter
560 1025 752 1068 conservare
768 1020 799 1068 et
817 1020 1035 1069 manutenere
1049 1009 1142 1070 omni
1164 1030 1225 1072 suo
1239 1031 1329 1094 posse

100 1143 176 1184 cum
199 1142 296 1184 arere
314 1136 345 1184 et
369 1121 514 1203 personis
533 1120 688 1182 dominos
709 1120 748 1182 de
771 1121 801 1182 la
825 1120 935 1182 Turre
957 1136 989 1183 et
1012 1120 1200 1187 Commune
1222 1140 1253 1188 et
1269 1126 1330 1188 Po·

101 1239 216 1321 pulum
243 1237 423 1299 Mediolani
446 1238 480 1298 in
503 1237 595 1299 omni
627 1256 687 1298 suo
719 1236 855 1308 honore,
885 1237 1105 1310 iurisditione,
1127 1239 1277 1304 dominio
1298 1258 1330 1305 et

99 1356 315 1437 segnoratica,
337 1354 425 1436 quod
445 1354 580 1424 habent,
594 1355 644 1415 vel
658 1353 828 1424 haberent,
844 1353 884 1415 ad
900 1373 992 1414 suam
1016 1368 1047 1415 et
1069 1356 1244 1420 cuiuslibet
1267 1378 1333 1420 me-

102 1490 170 1532 ram
194 1483 226 1531 et
249 1489 369 1552 puram
387 1483 418 1532 et
442 1469 579 1531 liberam
602 1470 823 1531 voluntatem.

180 1588 276 1669 [Vll]
300 1588 392 1659 Item,
409 1600 446 1649 ut
470 1587 608 1669 predicti
624 1600 656 1650 et
672 1587 812 1669 quilibet
830 1588 1052 1668 predictorum
1069 1604 1245 1652 teneantur
1261 1611 1332 1673 pre-

99 1702 161 1763 cise
178 1715 210 1762 et
226 1701 465 1762 inviolabiliter
489 1719 692 1781 recuperare,
707 1700 870 1771 reducere,
893 1701 1075 1773 defendere,
1089 1722 1282 1766 conservare
1299 1718 1330 1765 et

100 1832 316 1880 manutenere
338 1816 430 1878 omni
452 1836 511 1878 suo
535 1836 633 1897 posse,
651 1836 726 1877 cum
743 1837 839 1878 avere
854 1831 885 1878 et
902 1820 1056 1898 personis,
1074 1819 1224 1881 dominos
1248 1821 1332 1881 Mar·

99 1935 252 1997 chionem
274 1937 441 1997 Estensem
464 1946 496 1994 et
519 1933 771 1995 Anconitanum
788 1947 819 1995 et
836 1932 1001 1996 Comitem
1025 1936 1154 1997 Verone
1177 1950 1208 1997 et
1232 1936 1331 1997 Com·

100 2052 215 2113 munia
233 2052 372 2112 Mantue
387 2064 419 2112 et
436 2049 585 2110 Ferrarie
601 2063 632 2110 et
650 2049 783 2109 Partem
799 2050 1016 2112 extrinsecam
1034 2051 1156 2122 Brixie,
1171 2066 1201 2114 et
1218 2071 1331 2133 quam·

101 2169 181 2232 libet
196 2169 397 2250 singularem
422 2187 592 2247 personam
610 2166 777 2226 dictorum
800 2166 1041 2229 Communium
1063 2182 1095 2230 et
1122 2169 1230 2230 Partis
1260 2188 1332 2250 pre·

100 2286 195 2357 dicte,
217 2285 250 2346 in
275 2284 366 2346 omni
385 2302 444 2344 suo
465 2283 589 2344 honore
608 2298 639 2343 ct
660 2282 879 2355 iurisditione,
899 2284 1048 2345 dominio
1061 2300 1091 2346 et
1113 2287 1330 2367 segnoratic0,

98 2414 130 2463 et
145 2401 348 2462 concessione
370 2414 401 2460 et
426 2400 609 2481 privilegiu,
632 2400 720 2478 quod
741 2398 875 2471 habent,
898 2402 948 2461 vel
966 2401 1147 2474 habebunt,
1163 2404 1214 2462 vel
1231 2403 1329 2465 habe-

101 2533 184 2588 rent,
207 2519 256 2579 vel
280 2517 399 2578 habere
423 2530 562 2596 possent,
585 2515 636 2576 vel
659 2515 814 2576 deberent
838 2517 877 2577 ad
901 2531 1046 2577 suamet
1069 2518 1244 2580 cuiuslibet
1268 2539 1329 2581 me·

101 2655 182 2705 ram,
206 2654 323 2714 puram
345 2648 376 2694 et
400 2632 537 2692 liberam
561 2632 779 2694 voluntatem.

179 2750 290 2830 [Vlll]
315 2750 407 2820 ltcm,
429 2749 517 2829 quod
540 2748 675 2829 predicti
693 2749 819 2809 domini
835 2750 985 2811 Marchio
1001 2767 1031 2811 et
1045 2751 1162 2812 Comes
1180 2764 1211 2812 et
1231 2749 1329 2812 Com·

101 2866 215 2927 munia
239 2865 377 2926 Mantue
399 2881 430 2925 et
453 2864 602 2924 ferrarie
625 2878 655 2924 et
681 2864 825 2944 predicta
849 2864 928 2926 Pars
951 2866 1130 2926 extrinseca
1150 2865 1270 2936 Brixie,
1287 2882 1330 2928 te·

102 2995 243 3043 neantur
266 2996 297 3042 et
320 2983 460 3043 debeant
483 2996 555 3042 toto
571 3001 631 3042 suo
648 3002 734 3062 posse
758 2982 957 3061 [defendere]
982 2996 1176 3044 mercatores
1199 2997 1229 3043 et
1247 3003 1329 3044 mer-

100 3098 242 3167 candias,
259 3117 315 3178 per
327 3117 425 3177 quam
443 3099 604 3178 aptiorem
621 3111 759 3158 stratam
778 3112 946 3179 poterunt,
963 3099 1104 3159 dominis
1118 3099 1156 3159 de
1172 3100 1201 3160 la
1219 3100 1328 3161 Turre

99 3225 131 3271 et
154 3211 334 3272 Communi
358 3226 389 3273 ct
414 3212 541 3291 Populo
565 3212 744 3273 lllediolani
768 3226 799 3272 et
824 3213 1061 3273 mercatoribus
1092 3212 1270 3273 Mediolani
1297 3229 1327 3273 et

99 3347 213 3388 eorum
247 3327 380 3399 amicis,
413 3328 533 3388 minori
567 3328 659 3388 dacio
691 3343 721 3389 et
755 3330 898 3389 tolomeo
931 3345 961 3389 et
994 3329 1197 3409 sumptibus,
1226 3348 1326 3408 quam

101 3442 269 3503 hactenus,

181 3559 256 3636 [le
283 3558 374 3629 ltcm,
397 3559 437 3620 ad
462 3560 521 3620 lroc
544 3561 631 3640 quod
655 3574 849 3621 mercatores
875 3575 906 3621 et
931 3575 1032 3621 strate
1051 3580 1181 3620 currere
1204 3560 1327 3640 possint

102 3675 186 3735 inter
210 3675 372 3755 predictos
395 3676 526 3746 amicos,
548 3676 635 3756 quod
669 3696 781 3737 omnes
805 3678 975 3757 represalie
1008 3690 1129 3737 cessent
1152 3677 1238 3737 inter
1261 3696 1328 3756 pre·

99 3792 202 3851 dictos
224 3805 255 3851 et
279 3793 461 3865 tollantur;
545 3806 576 3853 et
591 3793 728 3873 predicti
753 3807 929 3853 teneantur
946 3807 976 3853 et
992 3793 1131 3852 debeant
1156 3791 1328 3872 providere

100 3908 242 3987 qualiter
267 3908 423 3969 habentes
447 3911 633 3990 represalias
656 3910 778 3991 possint
803 3910 875 3969 iura
899 3931 955 3969 sua
975 3909 1128 3987 consequi
1149 3923 1180 3969 et
1198 3909 1327 3968 habere.

181 4024 240 4102 [X]
266 4024 357 4093 ltem,
381 4026 467 4104 qaod
493 4025 629 4105 predicti
653 4025 779 4084 domini
804 4024 953 4085 lllarcliio
976 4039 1006 4084 ct
1032 4023 1148 4083 Comes
1174 4037 1205 4084 et
1229 4024 1328 4085 Com-

103 4142 216 4200 munia
241 4142 379 4201 lllantac
402 4159 432 4202 et
456 4142 606 4201 Ferrarie
628 4154 659 4201 et
679 4141 757 4200 Pars
779 4142 958 4200 extrinseca
983 4140 1092 4199 llrixie
1112 4140 1265 4199 omnibus
1280 4160 1329 4197 so-

101 4257 285 4329 cietatibus,
310 4259 528 4337 pactionibus,
558 4273 588 4318 ct
619 4258 825 4327 iuramentis,
854 4257 1094 4338 opositionilars
1120 4271 1150 4316 et
1174 4256 1329 4316 omnibus

102 4373 172 4432 aliis
196 4374 345 4443 vinculis,
369 4395 430 4455 que
455 4375 600 4435 fecissent
626 4374 793 4442 hactenus,
817 4394 879 4453 que
911 4389 1012 4433 essent
1038 4373 1086 4432 rel
1114 4393 1177 4433 esse
1200 4387 1327 4451 possent

100 4503 215 4549 contra
240 4491 419 4569 predictam
443 4490 629 4550 sociantem
655 4491 852 4550 renunciant
876 4505 905 4549 et
926 4511 960 4549 ea
978 4505 1114 4553 cassant,
1138 4488 1271 4548 irritant
1295 4501 1326 4546 et

103 4609 271 4650 nnnllonr·
295 4622 325 4650 Μ
349 4609 464 4650 divitur
488 4626 517 4650 nr
543 4623 769 4650 iurantuctnriirrr·
792 4629 823 4650 ει)
847 4608 932 4650 ηηῙῙιι
951 4608 1089 4650 amoliri<
1114 4605 1255 4650 tirrarllssiss
1275 4624 1327 4650 Vll.
