2850 4776
644 454 713 495 non.
737 454 809 494 mx:
836 453 909 512 raoo
1328 433 1385 493 233

156 665 248 726 mino
266 664 436 746 Ugucione
459 665 592 726 notario
613 665 651 726 de
669 664 779 734 Porto,
803 667 961 743 magistro
980 664 1172 727 Gervaxino
1188 671 1238 742 (a)
1260 666 1386 729 medico

154 796 187 843 et
210 780 294 842 alliis
317 781 441 843 multis.
527 781 667 844 Illustris
689 795 720 842 et
744 779 938 862 magnificus
961 781 1011 841 vir
1028 782 1183 844 dominus
1203 781 1308 860 Obiqo
1326 783 1384 845 Dei

154 913 187 960 et
200 898 375 978 apostolica
388 899 495 978 gratia
509 898 652 960 Estensis
663 911 696 960 et
713 896 971 960 Anchonitanus
988 899 1147 972 marchio,
1163 913 1341 982 perpetuus
1354 916 1384 963 et

153 1014 314 1094 generalis
327 1013 483 1076 dominus
497 1014 644 1077 civitatis
660 1013 684 1074 F
687 1015 810 1076 errarie
822 1028 853 1075 er
866 1014 1045 1086 districtus,
1058 1035 1095 1077 ex
1109 1015 1221 1097 vigore
1233 1016 1387 1094 dominii,

155 1128 244 1209 quod
266 1127 365 1190 habet
388 1129 422 1189 in
445 1128 580 1194 civitate
614 1128 745 1190 Ferarie
767 1142 799 1190 et
822 1128 985 1202 districtu,
1017 1130 1133 1192 audito
1163 1133 1386 1195 instrumento

154 1242 344 1316 sindicatus,
365 1245 487 1325 scripto
519 1265 622 1308 manu
645 1244 708 1306 mei
733 1244 882 1306 Miiorini
906 1245 1029 1306 notarii
1061 1245 1279 1330 infrascripti,
1308 1247 1384 1310 facti

156 1377 212 1439 per
233 1361 413 1440 sapientem
435 1376 467 1425 et
489 1361 666 1423 discretum
690 1361 800 1422 virum
816 1360 991 1422 dominum
1015 1361 1206 1425 Franchum
1223 1363 1262 1425 de
1285 1363 1385 1425 Prato

154 1475 194 1536 de
217 1475 329 1538 Pardua
351 1477 491 1540 iudicem
520 1492 551 1540 et
582 1477 744 1540 vicarium
768 1477 888 1538 nobilis
917 1477 980 1538 viri
1014 1477 1142 1540 domini
1168 1479 1314 1559 Marxilij
1338 1479 1385 1554 (b)

155 1589 194 1651 de
218 1590 354 1654 Cararia
377 1593 547 1674 potestatis
569 1593 712 1663 Ferarie,
740 1613 815 1655 cum
844 1593 1044 1655 auctoritate
1065 1607 1096 1655 et
1125 1594 1299 1657 voluntate
1322 1615 1386 1656 ma·

154 1707 233 1768 ioris
253 1722 285 1771 et
307 1711 467 1790 generalis
488 1708 627 1790 Consilij
651 1710 736 1772 dicte
751 1711 898 1773 civitatis
920 1709 1062 1780 Ferarie,
1083 1724 1115 1772 et
1138 1711 1246 1790 ipsum
1270 1710 1386 1773 Consi-

154 1823 237 1884 lium
259 1844 334 1888 cum
357 1827 556 1889 auctoritate
570 1842 602 1888 et
619 1827 793 1888 voluntate
809 1828 888 1888 dicti
912 1827 1026 1907 vicarii
1051 1827 1085 1888 in
1109 1828 1255 1908 personis
1272 1828 1386 1890 disere·

155 1955 267 2002 torum
291 1942 438 2004 virorum
457 1942 669 2005 dominorum
694 1942 892 2004 Bonmathei
917 1944 1032 2004 iudicis
1047 1957 1078 2004 et
1095 1943 1190 2005 Pauli
1207 1944 1246 2005 de
1261 1943 1385 2024 Cospis,

153 2057 196 2118 ad
218 2058 477 2139 comparendum
500 2078 611 2121 coram
634 2059 810 2142 magnifico
842 2060 915 2121 viro
938 2061 1077 2121 Alberto
1099 2061 1137 2122 de
1160 2061 1192 2122 la
1214 2061 1307 2122 Scala
1332 2081 1386 2142 po·

153 2174 225 2254 puli
248 2174 376 2238 Verone
397 2177 569 2258 capitaneo
590 2177 745 2258 generali,
767 2190 797 2238 et
821 2177 860 2238 ad
884 2176 1158 2238 consenciencium
1182 2191 1213 2238 et
1236 2197 1386 2258 compro·

153 2293 341 2354 miterrdum
364 2295 398 2356 in
420 2315 495 2356 eum
520 2306 681 2373 tanquam
705 2293 739 2352 in
763 2293 928 2354 arbitrum
950 2307 981 2354 et
1001 2293 1238 2354 arbitratorem
1260 2308 1292 2354 et
1309 2293 1386 2354 ami·

151 2425 228 2468 cum
250 2427 436 2480 comunem,
457 2428 525 2470 una
548 2429 623 2470 cum
657 2421 880 2488 procuratore,
902 2407 1028 2468 sindico
1053 2423 1084 2470 et
1110 2408 1232 2470 nuncio
1253 2408 1385 2489 speciali

152 2523 321 2602 magnifici
336 2525 397 2586 viri
410 2525 536 2588 domini
550 2524 759 2585 Pinamontis
774 2525 813 2584 de
832 2525 1007 2585 Bonacosis
1021 2531 1067 2598 (c)
1084 2524 1230 2587 civitatis
1248 2525 1386 2587 Mantue

151 2637 317 2719 capitanei
339 2643 508 2721 generalis,
530 2657 561 2702 et
584 2642 685 2722 ipsius
707 2641 868 2702 Comunis
892 2641 1041 2711 Mantue,
1062 2654 1094 2702 et
1118 2640 1252 2702 nomine
1273 2661 1332 2701 suo
1355 2656 1385 2702 et

151 2773 288 2816 suorum
311 2771 343 2817 et
365 2757 590 2819 subiectorum
613 2758 674 2817 sibi
699 2759 748 2819 vel
772 2757 870 2818 alicui
894 2757 949 2834 alii
974 2758 1012 2818 de
1035 2758 1170 2820 civitate
1194 2757 1243 2817 vel
1267 2757 1387 2837 episco-

152 2884 235 2950 patu
248 2871 397 2945 Mantue,
409 2873 447 2934 de
461 2875 617 2934 omnibus
633 2874 773 2952 iniuriis,
786 2874 910 2942 litibus,
923 2874 1194 2934 contentionibus
1206 2887 1237 2935 et
1250 2875 1387 2953 guerris,

151 3007 217 3067 que
237 3003 315 3051 sunt
338 2992 388 3052 vel
411 3003 545 3052 actenus
565 2992 615 3066 (d)
640 2991 774 3052 fuerunt
808 2991 894 3050 inter
928 2967 1054 3050 dictum
1080 2989 1231 3050 Comune
1255 2990 1387 3051 Ferarie

149 3124 190 3164 ex
216 3123 280 3167 una
313 3119 417 3187 parte,
438 3120 470 3168 et
493 3107 618 3167 dictum
652 3107 824 3167 dominum
860 3107 1095 3166 Pinamontem
1118 3120 1149 3165 et
1171 3125 1245 3166 suos
1267 3121 1298 3167 et
1323 3105 1386 3165 Co-

152 3241 254 3282 mune
270 3223 408 3284 Mantue
427 3224 609 3303 predictum
627 3244 664 3283 ex
682 3225 796 3292 altera,
814 3222 900 3283 etad
918 3223 1013 3302 plura
1031 3222 1174 3302 aliaque
1198 3222 1232 3281 in
1256 3221 1325 3302 ipso
1341 3222 1387 3283 in·

150 3352 341 3401 strumento
362 3342 595 3414 continentur;
619 3341 721 3420 ipsam
739 3339 1013 3401 constitutionem
1030 3338 1212 3399 sindicatus
1228 3354 1258 3399 et
1273 3339 1386 3400 omnia

153 3474 218 3535 que
230 3456 263 3516 in
277 3456 346 3537 ipso
359 3456 583 3517 instrumento
598 3457 824 3526 continentur,
841 3454 1018 3516 ratiticavit
1036 3469 1066 3515 et
1080 3456 1277 3535 approbavit
1291 3455 1323 3515 in
1339 3469 1387 3515 to-

152 3586 226 3631 tum
242 3591 248 3641 ;
264 3591 300 3631 ac
317 3574 417 3632 etiam
436 3572 556 3634 ibidem
577 3571 661 3632 idem
678 3572 833 3632 dominus
849 3571 985 3631 illustris
1001 3585 1031 3631 et
1049 3570 1242 3651 magnificus
1258 3571 1308 3628 vir
1331 3570 1387 3630 do·

153 3687 264 3748 minus
286 3685 401 3765 Obic30,
420 3688 477 3748 Dei
493 3703 523 3748 et
542 3689 717 3767 apostolica
736 3689 842 3765 gratia
862 3689 1003 3747 listensis
1026 3702 1056 3747 et
1072 3687 1353 3761 Ancbonitanus(
1375 3695 1387 3759 “)

154 3801 316 3873 Marcbio,
329 3824 388 3884 pro
402 3826 432 3865 se
448 3817 478 3864 et
493 3805 605 3864 amicis
616 3805 682 3863 suis
697 3805 757 3864 sibi
770 3805 932 3873 subiectis,
949 3803 1184 3862 adherentibus
1197 3817 1227 3862 et
1243 3803 1387 3880 sequaci-

154 3917 215 3978 bus
231 3919 340 3998 ipsius,
356 3920 556 3999 quicumque
574 3935 604 3979 et
624 3919 852 3998 undecumque
868 3919 943 3988 sint,
963 3939 1021 3998 pro
1037 3919 1157 3998 quibus
1171 3939 1202 3977 se
1219 3919 1385 3979 facturum

151 4051 184 4096 et
201 4050 398 4096 curaturum
424 4036 574 4114 promisit
592 4038 679 4115 qood
698 4037 868 4096 habelurnt
887 4051 957 4096 rota
978 4051 1008 4095 et
1027 4035 1119 4095 iirma
1137 4037 1249 4095 omnia
1272 4056 1387 4115 supra-

151 4151 240 4212 dicta
263 4165 294 4212 et
318 4152 527 4233 infrascripta
543 4154 604 4212 sub
621 4174 701 4232 pena
724 4154 859 4212 inferius
881 4152 1088 4222 declaranda,
1114 4152 1385 4221 i'ecit,constituit

149 4282 182 4328 ct
205 4267 375 4329 ordinavit
398 4268 553 4329 discretos
577 4269 662 4327 viros
685 4269 835 4328 dominos
860 4268 1079 4327 Bornathcunr
1096 4267 1158 4347 (s)
1187 4268 1325 4327 iudicem
1351 4282 1381 4328 ct

152 4383 297 4444 Paulum
312 4384 351 4444 dc
367 4384 481 4462 Cospis
497 4404 569 4443 suos
587 4399 815 4462 procuratores
831 4398 860 4444 et
880 4384 1017 4442 nuncios
1040 4383 1202 4462 speciales,
1219 4398 1383 4462 presentes

207 4572 243 4620 (a)
258 4573 277 4611 B
290 4572 410 4611 Gerrotsino
452 4573 485 4620 (st)
502 4573 521 4610 li
536 4572 623 4622 iinrsiiij
668 4573 698 4619 (¹)
714 4574 732 4610 B
747 4573 871 4610 orzocco,
938 4573 975 4620 (ri)
991 4576 1008 4609 li
1023 4575 1125 4610 introires
1189 4581 1220 4618 (a)
1237 4575 1261 4610 in
1276 4575 1293 4610 A
1310 4575 1331 4610 in
1349 4573 1359 4608 ir
1377 4587 1387 4606 r

151 4647 266 4694 agglutina
281 4643 302 4682 d'
311 4645 373 4682 altra
388 4644 465 4682 antio:
481 4658 547 4680 onina
597 4647 644 4694 (s)
662 4647 677 4682 ,θ’
694 4647 706 4682 i:
717 4658 722 4678 i
733 4647 824 4682 :sirtiisn
843 4660 847 4681 ι
