2874 4748
57 493 116 574 278
360 511 529 552 nrzirzronr
554 511 612 550 rar
636 509 764 551 annona
789 512 806 550 n
830 511 980 552 irrurova

56 737 205 792 veriture,
227 721 283 802 qui
307 721 430 782 dicitur
454 721 648 793 Boteronus,
682 722 826 785 fratrum
847 744 983 786 suorum
1007 738 1038 786 et
1061 726 1230 806 quondam
1256 727 1287 786 li-

55 839 175 899 liorum
189 838 316 899 domini
335 838 514 900 lohannini
532 839 681 927 predicti,
695 840 735 902 de
752 855 821 903 tota
845 843 936 903 curia
962 842 1177 924 Villimpente
1199 844 1286 905 etde

55 969 161 1016 castro
183 969 214 1016 et
237 954 388 1016 districtu
411 968 441 1016 et
465 954 542 1016 ficto
562 956 714 1018 omnium
739 970 903 1019 terrarum
927 959 1147 1021 casalinarum
1172 973 1203 1021 et
1227 974 1288 1021 ter·

56 1092 168 1133 rarum
192 1091 268 1133 cum
291 1071 404 1141 vineis,
427 1084 458 1133 et
481 1085 647 1133 terrarum
671 1074 896 1135 aratoriarum
920 1088 951 1136 et
974 1073 1012 1135 de
1036 1075 1111 1155 ipsis
1137 1076 1232 1136 terris
1253 1089 1286 1137 et
1377 1114 1384 1123 ·

56 1190 168 1260 vineis,
181 1188 283 1268 aquis,
297 1189 503 1260 molendinis,
516 1190 605 1270 ripis,
621 1191 865 1263 venationibus,
888 1191 1134 1271 piscationibus,
1150 1193 1287 1272 pascuis,

56 1307 258 1387 albergariis,
281 1307 419 1377 iuribus,
442 1307 710 1369 iurisdicionibus
731 1324 763 1370 et
787 1308 969 1371 honoribus
985 1310 1146 1370 universis
1168 1310 1208 1370 ad
1225 1309 1289 1370 dic·

57 1435 128 1482 tum
147 1422 265 1502 podere
288 1435 318 1482 ct
341 1423 467 1483 curiam
492 1425 736 1503 pertinentibus
751 1425 791 1485 ad
809 1423 922 1486 fictum
946 1444 1078 1505 ·xxrp·
1102 1425 1287 1486 modiorum

47 1537 217 1619 frumenti
229 1538 383 1620 fietuulis·
407 1539 452 1599 ad
473 1540 626 1600 minulern
664 1542 848 1602 Veronense
877 1542 1052 1603 annuatim
1082 1541 1231 1603 dandum
1253 1557 1286 1604 et

56 1656 270 1734 prestandum
294 1655 382 1715 dicto
404 1655 541 1716 domino
564 1658 675 1717 abbati
699 1671 731 1718 et
754 1657 965 1728 monasterio
993 1656 1173 1718 secundum
1196 1658 1287 1737 quod

56 1771 94 1832 de
118 1771 270 1852 predictis
291 1785 321 1831 et
346 1771 418 1830 aliis
441 1771 472 1832 in
498 1772 604 1832 tribus
628 1773 766 1852 publicis
795 1773 1035 1842 instrumentis,
1064 1772 1195 1852 rogatis,
1217 1792 1287 1832 uno

57 1909 113 1969 per
136 1888 305 1972 §ilianum
330 1889 367 1948 de
392 1888 522 1968 Brayda
546 1889 584 1948 de
607 1889 745 1949 Mantua
770 1889 951 1960 notarium,
978 1889 1039 1949 sub
1061 1889 1112 1949 dic
1134 1888 1212 1949 lune
1235 1888 1288 1948 de—

56 2006 141 2066 cimo
163 2007 302 2084 septimo
324 2006 473 2065 intrante
495 2006 592 2074 maie,
615 2019 645 2064 et
669 2004 734 2064 alio
757 2024 813 2085 per
835 2004 974 2065 eundem
999 2003 1169 2086 §ilianum
1193 2018 1288 2063 nota-

59 2123 144 2182 rium
161 2123 222 2182 sub
244 2123 294 2182 die
314 2121 395 2181 iovis
413 2121 586 2181 undecimo
603 2121 751 2181 intrante
767 2122 949 2192 novembri,
972 2121 1147 2182 millesimo
1170 2121 1287 2181 ducen-

57 2239 172 2300 tesimo
187 2239 418 2317 octuagesima,
436 2237 616 2298 indictione
633 2237 749 2317 prima,
764 2252 795 2299 et
815 2238 880 2298 alio
902 2238 1126 2299 instrumento
1238 2243 1288 2312 (a)

58 2356 185 2435 plenius
210 2354 329 2434 legitur
352 2354 527 2424 contineri,
550 2369 580 2414 ct
603 2373 677 2414 curn
705 2354 914 2435 postmodum
940 2354 1143 2415 Guiscardus
1164 2355 1202 2416 de
1225 2355 1288 2415 Te·

59 2471 162 2532 boldis
184 2484 379 2551 procurator
402 2485 432 2530 et
457 2472 686 2551 procuratorio
720 2471 853 2531 nomine
882 2470 1047 2531 dictorum
1073 2471 1226 2541 fratrum,
1249 2485 1286 2530 ut

57 2590 95 2650 de
119 2589 350 2670 procuratione
375 2602 463 2667 patet
488 2587 620 2668 publico
643 2588 866 2647 instrumento
888 2589 1010 2667 scripto
1034 2607 1088 2666 per·
1111 2587 1284 2647 dominum

59 2706 236 2767 Vivaldurn
255 2706 422 2785 quondam
447 2705 573 2764 domini
593 2704 765 2765 Graciadei
837 2712 886 2777 (a)
910 2717 988 2774 not,
1008 2702 1229 2763 renunciasset
1252 2702 1286 2762 in

59 2825 212 2884 ntanibus
235 2822 431 2882 venerabilis
449 2823 480 2880 in
499 2821 634 2881 Claristo
654 2822 755 2901 patris
774 2821 901 2881 domini
919 2821 1007 2900 losep
1024 2820 1153 2880 abbatis
1175 2839 1288 2880 mona·

56 2939 146 3013 nterii
172 2939 307 3019 predicti
331 2951 361 2998 et
385 2956 600 2997 monacorum
619 2957 637 2995 o
662 2937 736 2995 tutti
758 2937 892 2995 idirr'ltr'
906 2939 963 2996 elie
979 2937 989 2995 i
1004 2935 1289 3014 Ilonnccolsipre-

59 3055 136 3115 detti
155 3074 299 3113 avevano
313 3055 344 3112 in
368 3054 585 3132 l'illirnpcnto,
601 3053 777 3112 elriedeudo
793 3057 824 3110 ln
841 3052 1041 3131 liberarione
1055 3051 1108 3111 dei
1122 3050 1289 3111 medesimi

59 3171 100 3229 du
124 3171 205 3250 ogrn'
221 3169 372 3248 obbliga,¹
395 3169 419 3226 il
440 3170 497 3227 clre
516 3169 589 3228 licet
608 3168 640 3226 in
660 3167 881 3227 instrumento
906 3167 1003 3246 ipsius
1027 3165 1288 3225 renunciationis

62 3285 170 3344 luisset
194 3284 346 3343 oririssurn
367 3283 497 3362 apponi,
514 3283 627 3342 reatina
645 3282 865 3341 riconoscinto
888 3281 966 3341 dull'
981 3281 1096 3340 abbate
1117 3306 1133 3339 e
1155 3280 1212 3339 dui
1228 3299 1289 3339 raro-

60 3401 146 3470 nnci,
169 3420 188 3459 a
213 3400 368 3459 rielrieslu
393 3399 427 3457 di
454 3399 609 3457 (naban
632 3398 673 3456 do
702 3399 831 3468 Cusale,
856 3399 1070 3467 nlentennno,
1096 3397 1215 3476 rumpia
1238 3396 1291 3455 dei

58 3518 136 3577 delli
159 3517 365 3576 Borraecolsi.
470 3518 511 3575 lit
536 3535 609 3575 curn
636 3515 642 3572 i
651 3535 701 3594 pse
725 3514 901 3574 Orabonus
924 3516 1060 3575 instaret
1090 3528 1114 3574 ’·[
1138 3513 1236 3573 instet
1260 3523 1291 3573 et

58 3637 210 3713 reperiret!
233 3635 321 3693 dicto
347 3633 478 3691 nornine
503 3652 597 3711 pcncs
620 3632 723 3690 dictos
746 3631 917 3689 dominum
947 3630 1111 3698 abbatem,
1134 3647 1288 3687 monacos

56 3764 86 3810 et
111 3767 313 3810 tormentum
338 3770 372 3807 cx
399 3751 500 3807 altera
532 3749 760 3826 eornpleantur
784 3760 813 3806 ct
839 3746 936 3814 liant,
967 3745 1010 3804 ita
1041 3744 1128 3824 quod
1156 3745 1194 3803 de
1218 3763 1289 3822 prc-

57 3868 142 3924 dicta
168 3867 364 3928 liberatione
387 3880 415 3923 et
441 3863 592 3942 predictis
614 3864 768 3921 annulus
790 3876 946 3940 appareat
971 3861 1139 3940 publicum
1165 3859 1289 3918 instru-

57 3998 218 4042 mentum.
306 3982 445 4041 llernurn
470 3980 548 4040 dicti
566 3979 691 4038 domini
712 3979 820 4044 abbas,
843 3979 983 4045 intimati,
999 3992 1029 4036 ct
1054 3988 1236 4035 conventus
1256 3988 1287 4035 ct

55 4099 252 4177 capitulum,
276 4100 390 4159 andita
418 4097 629 4175 terprisitione
654 4096 789 4173 predicti
814 4093 939 4152 domini
963 4093 1112 4152 lsslraboni
1137 4110 1289 4172 procura-

56 4214 145 4283 toris,
162 4215 250 4274 nitzo
269 4217 411 4283 nornine,
428 4227 623 4280 secesserunt
643 4212 672 4269 in
693 4225 817 4289 partein
837 4225 867 4268 et
881 4223 1107 4268 corneucrnnt
1121 4207 1153 4266 in
1169 4207 1288 4275 locum,

57 4331 110 4373 nli}
137 4331 322 4372 vmirnlnm
349 4331 447 4372 {mim
469 4327 656 4372 numinctnrii
681 4328 814 4372 <filiium
835 4339 880 4372 vsi
907 4323 1096 4372 e’nrtrtreonri
1121 4335 1151 4372 Pi
1174 4341 1290 4372 mliv?-
