<?xml version="1.0" encoding="UTF-8"?>
<!DOCTYPE html PUBLIC "-//W3C//DTD XHTML 1.0 Transitional//EN"
    "http://www.w3.org/TR/xhtml1/DTD/xhtml1-transitional.dtd">
<html xmlns="http://www.w3.org/1999/xhtml" xml:lang="en" lang="en">
 <head>
  <title>
</title>
<meta http-equiv="Content-Type" content="text/html;charset=utf-8" />
  <meta name='ocr-system' content='tesseract 3.04.00' />
  <meta name='ocr-capabilities' content='ocr_page ocr_carea ocr_par ocr_line ocrx_word'/>
</head>
<body>
  <div class='ocr_page' id='page_1' title='image "./documentiperlas00cipogoog/documentiperlas00cipogoog_0189.png"; bbox 0 0 2858 4792; ppageno 0'>
   <div class='ocr_carea' id='block_1_1' title="bbox 642 471 1418 553">
    <p class='ocr_par' dir='ltr' id='par_1_1' title="bbox 642 471 1418 553">
     <span class='ocr_line' id='line_1_1' title="bbox 642 471 1418 553; baseline -0.005 -19"><span class='ocrx_word' id='word_1_1' title='bbox 642 493 712 536; x_wconf 79' lang='lat' dir='ltr'>noc,</span> <span class='ocrx_word' id='word_1_2' title='bbox 736 492 857 534; x_wconf 76' lang='lat' dir='ltr'>xrvru:</span> <span class='ocrx_word' id='word_1_3' title='bbox 884 491 957 553; x_wconf 82' lang='lat'><strong>¹²79</strong></span> <span class='ocrx_word' id='word_1_4' title='bbox 1055 503 1058 509; x_wconf 91' lang='lat'><em>·</em></span> <span class='ocrx_word' id='word_1_5' title='bbox 1362 471 1418 531; x_wconf 77' lang='lat'>165</span> 
     </span>
    </p>
   </div>
   <div class='ocr_carea' id='block_1_2' title="bbox 172 701 1419 2300">
    <p class='ocr_par' dir='ltr' id='par_1_2' title="bbox 172 701 1419 1135">
     <span class='ocr_line' id='line_1_2' title="bbox 172 701 1417 789; baseline -0.006 -19"><span class='ocrx_word' id='word_1_6' title='bbox 172 711 220 770; x_wconf 88' lang='lat' dir='ltr'>ad</span> <span class='ocrx_word' id='word_1_7' title='bbox 244 710 358 772; x_wconf 92' lang='lat' dir='ltr'>omnia</span> <span class='ocrx_word' id='word_1_8' title='bbox 382 711 446 772; x_wconf 88' lang='lat' dir='ltr'>alia</span> <span class='ocrx_word' id='word_1_9' title='bbox 468 724 500 771; x_wconf 90' lang='lat' dir='ltr'>et</span> <span class='ocrx_word' id='word_1_10' title='bbox 521 708 651 789; x_wconf 88' lang='lat' dir='ltr'>singula</span> <span class='ocrx_word' id='word_1_11' title='bbox 676 705 824 768; x_wconf 86' lang='lat' dir='ltr'>facienda</span> <span class='ocrx_word' id='word_1_12' title='bbox 847 719 878 766; x_wconf 91' lang='lat' dir='ltr'>et</span> <span class='ocrx_word' id='word_1_13' title='bbox 902 703 1096 786; x_wconf 87' lang='lat' dir='ltr'>recipienda,</span> <span class='ocrx_word' id='word_1_14' title='bbox 1118 722 1182 783; x_wconf 89' lang='lat' dir='ltr'>que</span> <span class='ocrx_word' id='word_1_15' title='bbox 1204 702 1238 764; x_wconf 93' lang='lat' dir='ltr'>in</span> <span class='ocrx_word' id='word_1_16' title='bbox 1262 701 1417 785; x_wconf 85' lang='lat' dir='ltr'>predictis</span> 
     </span>
     <span class='ocr_line' id='line_1_3' title="bbox 172 820 1419 908; baseline -0.006 -21"><span class='ocrx_word' id='word_1_17' title='bbox 172 843 208 887; x_wconf 86' lang='lat' dir='ltr'>ct</span> <span class='ocrx_word' id='word_1_18' title='bbox 235 827 385 908; x_wconf 90' lang='lat' dir='ltr'>quolibet</span> <span class='ocrx_word' id='word_1_19' title='bbox 407 826 631 908; x_wconf 90' lang='lat' dir='ltr'>predictorum</span> <span class='ocrx_word' id='word_1_20' title='bbox 656 824 752 887; x_wconf 88' lang='lat' dir='ltr'>utilia</span> <span class='ocrx_word' id='word_1_21' title='bbox 777 822 900 885; x_wconf 90' lang='lat' dir='ltr'>fuerint</span> <span class='ocrx_word' id='word_1_22' title='bbox 922 835 955 884; x_wconf 91' lang='lat' dir='ltr'>et</span> <span class='ocrx_word' id='word_1_23' title='bbox 978 821 1171 896; x_wconf 87' lang='lat' dir='ltr'>necessaria;</span> <span class='ocrx_word' id='word_1_24' title='bbox 1204 820 1419 881; x_wconf 82' lang='lat' dir='ltr'>concedentes</span> 
     </span>
     <span class='ocr_line' id='line_1_4' title="bbox 172 937 1413 1023; baseline -0.005 -19"><span class='ocrx_word' id='word_1_25' title='bbox 172 944 286 1004; x_wconf 87' lang='lat' dir='ltr'>eidem</span> <span class='ocrx_word' id='word_1_26' title='bbox 302 963 361 1004; x_wconf 91' lang='lat' dir='ltr'>suo</span> <span class='ocrx_word' id='word_1_27' title='bbox 375 943 511 1015; x_wconf 84' lang='lat' dir='ltr'>sindica,</span> <span class='ocrx_word' id='word_1_28' title='bbox 528 944 657 1005; x_wconf 88' lang='lat' dir='ltr'>auctori</span> <span class='ocrx_word' id='word_1_29' title='bbox 672 955 703 1003; x_wconf 91' lang='lat' dir='ltr'>et</span> <span class='ocrx_word' id='word_1_30' title='bbox 720 939 929 1023; x_wconf 85' lang='lat' dir='ltr'>procuratori</span> <span class='ocrx_word' id='word_1_31' title='bbox 947 945 997 1016; x_wconf 87' lang='lat' dir='ltr'>(a)</span> <span class='ocrx_word' id='word_1_32' title='bbox 1013 939 1150 1001; x_wconf 86' lang='lat' dir='ltr'>liberam</span> <span class='ocrx_word' id='word_1_33' title='bbox 1174 952 1205 998; x_wconf 89' lang='lat' dir='ltr'>et</span> <span class='ocrx_word' id='word_1_34' title='bbox 1229 937 1413 1018; x_wconf 82' lang='lat' dir='ltr'>generalem</span> 
     </span>
     <span class='ocr_line' id='line_1_5' title="bbox 173 1053 1364 1135; baseline -0.004 -16"><span class='ocrx_word' id='word_1_35' title='bbox 173 1058 484 1121; x_wconf 87' lang='lat' dir='ltr'>aministrationem</span> <span class='ocrx_word' id='word_1_36' title='bbox 497 1073 529 1121; x_wconf 92' lang='lat' dir='ltr'>et</span> <span class='ocrx_word' id='word_1_37' title='bbox 546 1058 743 1120; x_wconf 91' lang='lat' dir='ltr'>mandatum</span> <span class='ocrx_word' id='word_1_38' title='bbox 756 1057 792 1118; x_wconf 94' lang='lat' dir='ltr'>in</span> <span class='ocrx_word' id='word_1_39' title='bbox 807 1055 963 1117; x_wconf 89' lang='lat' dir='ltr'>omnibus</span> <span class='ocrx_word' id='word_1_40' title='bbox 974 1068 1005 1115; x_wconf 90' lang='lat' dir='ltr'>et</span> <span class='ocrx_word' id='word_1_41' title='bbox 1023 1054 1160 1135; x_wconf 88' lang='lat' dir='ltr'>singulis</span> <span class='ocrx_word' id='word_1_42' title='bbox 1175 1053 1364 1134; x_wconf 91' lang='lat' dir='ltr'>suprascrip</span> 
     </span>
    </p>

    <p class='ocr_par' dir='ltr' id='par_1_3' title="bbox 172 1170 1380 2300">
     <span class='ocr_line' id='line_1_6' title="bbox 173 1170 1380 1256; baseline -0.004 -20"><span class='ocrx_word' id='word_1_43' title='bbox 173 1189 209 1236; x_wconf 87' lang='lat' dir='ltr'>ct</span> <span class='ocrx_word' id='word_1_44' title='bbox 237 1173 271 1235; x_wconf 91' lang='lat' dir='ltr'>in</span> <span class='ocrx_word' id='word_1_45' title='bbox 295 1175 429 1256; x_wconf 69' lang='lat' dir='ltr'>hisque</span> <span class='ocrx_word' id='word_1_46' title='bbox 453 1175 537 1236; x_wconf 91' lang='lat' dir='ltr'>circa</span> <span class='ocrx_word' id='word_1_47' title='bbox 555 1173 700 1255; x_wconf 90' lang='lat' dir='ltr'>predicta</span> <span class='ocrx_word' id='word_1_48' title='bbox 721 1172 771 1235; x_wconf 87' lang='lat' dir='ltr'>vel</span> <span class='ocrx_word' id='word_1_49' title='bbox 787 1171 921 1252; x_wconf 85' lang='lat' dir='ltr'>aliquod</span> <span class='ocrx_word' id='word_1_50' title='bbox 945 1170 1170 1253; x_wconf 88' lang='lat' dir='ltr'>predictorum</span> <span class='ocrx_word' id='word_1_51' title='bbox 1194 1170 1289 1233; x_wconf 91' lang='lat' dir='ltr'>utilia</span> <span class='ocrx_word' id='word_1_52' title='bbox 1313 1183 1344 1232; x_wconf 85' lang='lat' dir='ltr'>er</span> <span class='ocrx_word' id='word_1_53' title='bbox 1362 1191 1380 1208; x_wconf 70' lang='lat'>⁶</span> 
     </span>
     <span class='ocr_line' id='line_1_7' title="bbox 172 1287 1328 1372; baseline 0 -20"><span class='ocrx_word' id='word_1_54' title='bbox 172 1291 319 1354; x_wconf 89' lang='lat' dir='ltr'>cessaria</span> <span class='ocrx_word' id='word_1_55' title='bbox 341 1291 556 1364; x_wconf 87' lang='lat' dir='ltr'>videbuntur,</span> <span class='ocrx_word' id='word_1_56' title='bbox 578 1291 810 1372; x_wconf 87' lang='lat' dir='ltr'>promittentes</span> <span class='ocrx_word' id='word_1_57' title='bbox 832 1288 933 1352; x_wconf 86' lang='lat' dir='ltr'>michi</span> <span class='ocrx_word' id='word_1_58' title='bbox 958 1289 1090 1351; x_wconf 90' lang='lat' dir='ltr'>notario</span> <span class='ocrx_word' id='word_1_59' title='bbox 1105 1287 1328 1369; x_wconf 87' lang='lat' dir='ltr'>infrascripto,</span> 
     </span>
     <span class='ocr_line' id='line_1_8' title="bbox 173 1404 1352 1490; baseline -0.001 -21"><span class='ocrx_word' id='word_1_60' title='bbox 173 1409 287 1490; x_wconf 87' lang='lat' dir='ltr'>pienti</span> <span class='ocrx_word' id='word_1_61' title='bbox 311 1409 444 1470; x_wconf 89' lang='lat' dir='ltr'>nomine</span> <span class='ocrx_word' id='word_1_62' title='bbox 472 1421 503 1470; x_wconf 90' lang='lat' dir='ltr'>et</span> <span class='ocrx_word' id='word_1_63' title='bbox 527 1410 596 1470; x_wconf 88' lang='lat' dir='ltr'>vice</span> <span class='ocrx_word' id='word_1_64' title='bbox 624 1407 752 1479; x_wconf 89' lang='lat' dir='ltr'>sindici‚</span> <span class='ocrx_word' id='word_1_65' title='bbox 781 1406 924 1468; x_wconf 90' lang='lat' dir='ltr'>auctoris</span> <span class='ocrx_word' id='word_1_66' title='bbox 946 1419 977 1467; x_wconf 92' lang='lat' dir='ltr'>et</span> <span class='ocrx_word' id='word_1_67' title='bbox 1004 1405 1230 1486; x_wconf 86' lang='lat' dir='ltr'>procuratoris</span> <span class='ocrx_word' id='word_1_68' title='bbox 1253 1404 1352 1468; x_wconf 86' lang='lat' dir='ltr'>Comt</span> 
     </span>
     <span class='ocr_line' id='line_1_9' title="bbox 176 1521 1360 1606; baseline -0.003 -21"><span class='ocrx_word' id='word_1_69' title='bbox 176 1525 296 1586; x_wconf 85' lang='lat' dir='ltr'>Brixie</span> <span class='ocrx_word' id='word_1_70' title='bbox 318 1545 354 1586; x_wconf 91' lang='lat' dir='ltr'>ac</span> <span class='ocrx_word' id='word_1_71' title='bbox 375 1526 476 1606; x_wconf 91' lang='lat' dir='ltr'>ipsius</span> <span class='ocrx_word' id='word_1_72' title='bbox 498 1524 659 1586; x_wconf 85' lang='lat' dir='ltr'>Comanis</span> <span class='ocrx_word' id='word_1_73' title='bbox 683 1523 957 1586; x_wconf 83' lang='lat' dir='ltr'>universitatibus</span> <span class='ocrx_word' id='word_1_74' title='bbox 978 1535 1010 1583; x_wconf 83' lang='lat' dir='ltr'>et</span> <span class='ocrx_word' id='word_1_75' title='bbox 1031 1521 1240 1602; x_wconf 86' lang='lat' dir='ltr'>singularum</span> <span class='ocrx_word' id='word_1_76' title='bbox 1264 1541 1360 1603; x_wconf 89' lang='lat' dir='ltr'>perso</span> 
     </span>
     <span class='ocr_line' id='line_1_10' title="bbox 175 1640 1376 1721; baseline 0.001 -21"><span class='ocrx_word' id='word_1_77' title='bbox 175 1660 257 1701; x_wconf 91' lang='lat' dir='ltr'>rum</span> <span class='ocrx_word' id='word_1_78' title='bbox 283 1640 393 1702; x_wconf 89' lang='lat' dir='ltr'>Brixie</span> <span class='ocrx_word' id='word_1_79' title='bbox 415 1656 446 1704; x_wconf 90' lang='lat' dir='ltr'>et</span> <span class='ocrx_word' id='word_1_80' title='bbox 469 1643 537 1703; x_wconf 90' lang='lat' dir='ltr'>eius</span> <span class='ocrx_word' id='word_1_81' title='bbox 559 1641 728 1703; x_wconf 88' lang='lat' dir='ltr'>districtus</span> <span class='ocrx_word' id='word_1_82' title='bbox 739 1641 787 1717; x_wconf 84' lang='lat' dir='ltr'>(b)</span> <span class='ocrx_word' id='word_1_83' title='bbox 808 1655 839 1702; x_wconf 88' lang='lat' dir='ltr'>et</span> <span class='ocrx_word' id='word_1_84' title='bbox 862 1640 1013 1702; x_wconf 90' lang='lat' dir='ltr'>omnium</span> <span class='ocrx_word' id='word_1_85' title='bbox 1037 1640 1245 1720; x_wconf 86' lang='lat' dir='ltr'>singulorum</span> <span class='ocrx_word' id='word_1_86' title='bbox 1271 1660 1376 1721; x_wconf 93' lang='lat' dir='ltr'>quoru</span> 
     </span>
     <span class='ocr_line' id='line_1_11' title="bbox 176 1756 1352 1838; baseline 0 -21"><span class='ocrx_word' id='word_1_87' title='bbox 176 1757 346 1828; x_wconf 88' lang='lat' dir='ltr'>intererit,</span> <span class='ocrx_word' id='word_1_88' title='bbox 359 1757 452 1820; x_wconf 85' lang='lat' dir='ltr'>firma</span> <span class='ocrx_word' id='word_1_89' title='bbox 469 1774 500 1821; x_wconf 90' lang='lat' dir='ltr'>et</span> <span class='ocrx_word' id='word_1_90' title='bbox 517 1773 588 1821; x_wconf 87' lang='lat' dir='ltr'>rata</span> <span class='ocrx_word' id='word_1_91' title='bbox 613 1758 732 1820; x_wconf 88' lang='lat' dir='ltr'>habere</span> <span class='ocrx_word' id='word_1_92' title='bbox 746 1773 777 1819; x_wconf 92' lang='lat' dir='ltr'>et</span> <span class='ocrx_word' id='word_1_93' title='bbox 798 1756 1037 1819; x_wconf 88' lang='lat' dir='ltr'>inviolabiliter</span> <span class='ocrx_word' id='word_1_94' title='bbox 1061 1768 1219 1838; x_wconf 89' lang='lat' dir='ltr'>perpetuo</span> <span class='ocrx_word' id='word_1_95' title='bbox 1242 1758 1352 1819; x_wconf 73' lang='lat' dir='ltr'>obsert</span> 
     </span>
     <span class='ocr_line' id='line_1_12' title="bbox 176 1873 1360 1955; baseline 0 -21"><span class='ocrx_word' id='word_1_96' title='bbox 176 1873 298 1934; x_wconf 91' lang='lat' dir='ltr'>omnia</span> <span class='ocrx_word' id='word_1_97' title='bbox 319 1893 525 1955; x_wconf 89' lang='lat' dir='ltr'>quecumque</span> <span class='ocrx_word' id='word_1_98' title='bbox 551 1874 658 1936; x_wconf 89' lang='lat' dir='ltr'>dictus</span> <span class='ocrx_word' id='word_1_99' title='bbox 679 1894 794 1936; x_wconf 89' lang='lat' dir='ltr'>eorum</span> <span class='ocrx_word' id='word_1_100' title='bbox 810 1880 855 1951; x_wconf 89' lang='lat' dir='ltr'>(c)</span> <span class='ocrx_word' id='word_1_101' title='bbox 879 1873 1034 1944; x_wconf 88' lang='lat' dir='ltr'>sindicus,</span> <span class='ocrx_word' id='word_1_102' title='bbox 1057 1884 1173 1933; x_wconf 89' lang='lat' dir='ltr'>auctor</span> <span class='ocrx_word' id='word_1_103' title='bbox 1204 1887 1235 1934; x_wconf 92' lang='lat' dir='ltr'>et</span> <span class='ocrx_word' id='word_1_104' title='bbox 1262 1893 1360 1955; x_wconf 74' lang='lat' dir='ltr'>procu</span> 
     </span>
     <span class='ocr_line' id='line_1_13' title="bbox 175 1987 1340 2070; baseline 0 -22"><span class='ocrx_word' id='word_1_105' title='bbox 175 2003 235 2050; x_wconf 94' lang='lat' dir='ltr'>tor</span> <span class='ocrx_word' id='word_1_106' title='bbox 258 1987 310 2062; x_wconf 86' lang='lat' dir='ltr'>(d)</span> <span class='ocrx_word' id='word_1_107' title='bbox 342 1987 452 2051; x_wconf 85' lang='lat' dir='ltr'>fecerit</span> <span class='ocrx_word' id='word_1_108' title='bbox 475 1989 509 2050; x_wconf 95' lang='lat' dir='ltr'>in</span> <span class='ocrx_word' id='word_1_109' title='bbox 533 1990 688 2050; x_wconf 90' lang='lat' dir='ltr'>omnibus</span> <span class='ocrx_word' id='word_1_110' title='bbox 710 2003 740 2050; x_wconf 88' lang='lat' dir='ltr'>et</span> <span class='ocrx_word' id='word_1_111' title='bbox 762 1989 900 2070; x_wconf 87' lang='lat' dir='ltr'>singulis</span> <span class='ocrx_word' id='word_1_112' title='bbox 931 1988 1130 2070; x_wconf 88' lang='lat' dir='ltr'>supradictis</span> <span class='ocrx_word' id='word_1_113' title='bbox 1152 2002 1182 2049; x_wconf 91' lang='lat' dir='ltr'>et</span> <span class='ocrx_word' id='word_1_114' title='bbox 1205 1989 1288 2049; x_wconf 90' lang='lat' dir='ltr'>circa</span> <span class='ocrx_word' id='word_1_115' title='bbox 1312 2009 1340 2070; x_wconf 80' lang='lat' dir='ltr'>qr</span> 
     </span>
     <span class='ocr_line' id='line_1_14' title="bbox 176 2105 1360 2188; baseline -0.001 -21"><span class='ocrx_word' id='word_1_116' title='bbox 176 2107 263 2167; x_wconf 92' lang='lat' dir='ltr'>libet</span> <span class='ocrx_word' id='word_1_117' title='bbox 277 2105 502 2188; x_wconf 88' lang='lat' dir='ltr'>predictorum</span> <span class='ocrx_word' id='word_1_118' title='bbox 520 2119 620 2188; x_wconf 90' lang='lat' dir='ltr'>atque</span> <span class='ocrx_word' id='word_1_119' title='bbox 636 2106 730 2168; x_wconf 94' lang='lat' dir='ltr'>nullo</span> <span class='ocrx_word' id='word_1_120' title='bbox 752 2106 886 2186; x_wconf 87' lang='lat' dir='ltr'>ingenio</span> <span class='ocrx_word' id='word_1_121' title='bbox 909 2105 958 2166; x_wconf 87' lang='lat' dir='ltr'>vel</span> <span class='ocrx_word' id='word_1_122' title='bbox 981 2125 1077 2167; x_wconf 88' lang='lat' dir='ltr'>causa</span> <span class='ocrx_word' id='word_1_123' title='bbox 1101 2105 1360 2179; x_wconf 70' lang='lat' dir='ltr'>contravenire,2</span> 
     </span>
     <span class='ocr_line' id='line_1_15' title="bbox 177 2221 1266 2300; baseline 0.003 -20"><span class='ocrx_word' id='word_1_124' title='bbox 177 2221 388 2300; x_wconf 86' lang='lat' dir='ltr'>obligatione</span> <span class='ocrx_word' id='word_1_125' title='bbox 410 2222 562 2283; x_wconf 91' lang='lat' dir='ltr'>omnium</span> <span class='ocrx_word' id='word_1_126' title='bbox 587 2223 749 2284; x_wconf 92' lang='lat' dir='ltr'>bonorum</span> <span class='ocrx_word' id='word_1_127' title='bbox 774 2221 853 2284; x_wconf 88' lang='lat' dir='ltr'>dicti</span> <span class='ocrx_word' id='word_1_128' title='bbox 876 2222 1037 2284; x_wconf 90' lang='lat' dir='ltr'>Comunis</span> <span class='ocrx_word' id='word_1_129' title='bbox 1061 2221 1190 2286; x_wconf 89' lang='lat' dir='ltr'>Verone</span> <span class='ocrx_word' id='word_1_130' title='bbox 1213 2228 1225 2297; x_wconf 91' lang='lat'>(</span> <span class='ocrx_word' id='word_1_131' title='bbox 1245 2229 1266 2296; x_wconf 90' lang='grc'>).</span> 
     </span>
    </p>
   </div>
   <div class='ocr_carea' id='block_1_3' title="bbox 177 2411 1308 2614">
    <p class='ocr_par' dir='ltr' id='par_1_4' title="bbox 177 2411 1308 2614">
     <span class='ocr_line' id='line_1_16' title="bbox 265 2411 1308 2520; baseline 0.002 -25"><span class='ocrx_word' id='word_1_132' title='bbox 265 2439 366 2496; x_wconf 86' lang='lat' dir='ltr'>Anno</span> <span class='ocrx_word' id='word_1_133' title='bbox 390 2437 525 2498; x_wconf 93' lang='lat' dir='ltr'>Domini</span> <span class='ocrx_word' id='word_1_134' title='bbox 549 2437 722 2499; x_wconf 85' lang='lat' dir='ltr'>millesimo</span> <span class='ocrx_word' id='word_1_135' title='bbox 744 2411 849 2501; x_wconf 91' lang='lat' dir='ltr'><em>·CC·</em></span> <span class='ocrx_word' id='word_1_136' title='bbox 871 2437 1124 2520; x_wconf 83' lang='lat' dir='ltr'>septuagessimo</span> <span class='ocrx_word' id='word_1_137' title='bbox 1147 2456 1246 2508; x_wconf 91' lang='lat' dir='ltr'>nono,</span> <span class='ocrx_word' id='word_1_138' title='bbox 1278 2459 1308 2498; x_wconf 89' lang='lat' dir='ltr'>se</span> 
     </span>
     <span class='ocr_line' id='line_1_17' title="bbox 177 2549 377 2614; baseline 0.015 -3"><span class='ocrx_word' id='word_1_139' title='bbox 177 2549 377 2614; x_wconf 87' lang='lat' dir='ltr'>indictione.</span> 
     </span>
    </p>
   </div>
   <div class='ocr_carea' id='block_1_4' title="bbox 178 2754 1303 3072">
    <p class='ocr_par' dir='ltr' id='par_1_5' title="bbox 178 2754 1303 3072">
     <span class='ocr_line' id='line_1_18' title="bbox 266 2754 1303 2836; baseline 0 -20"><span class='ocrx_word' id='word_1_140' title='bbox 266 2755 338 2836; x_wconf 87' lang='lat' dir='ltr'>Ego</span> <span class='ocrx_word' id='word_1_141' title='bbox 362 2754 530 2817; x_wconf 86' lang='lat' dir='ltr'>Gerarrlus</span> <span class='ocrx_word' id='word_1_142' title='bbox 552 2757 691 2818; x_wconf 87' lang='lat' dir='ltr'>condam</span> <span class='ocrx_word' id='word_1_143' title='bbox 716 2758 879 2819; x_wconf 88' lang='lat' dir='ltr'>Ottonelli</span> <span class='ocrx_word' id='word_1_144' title='bbox 902 2758 1028 2821; x_wconf 88' lang='lat' dir='ltr'>domini</span> <span class='ocrx_word' id='word_1_145' title='bbox 1052 2757 1198 2820; x_wconf 90' lang='lat' dir='ltr'>Conradi</span> <span class='ocrx_word' id='word_1_146' title='bbox 1224 2757 1303 2836; x_wconf 82' lang='lat' dir='ltr'>regis</span> 
     </span>
     <span class='ocr_line' id='line_1_19' title="bbox 179 2870 1303 2954; baseline 0.002 -21"><span class='ocrx_word' id='word_1_147' title='bbox 179 2873 253 2933; x_wconf 91' lang='lat' dir='ltr'>rius</span> <span class='ocrx_word' id='word_1_148' title='bbox 276 2870 414 2932; x_wconf 87' lang='lat' dir='ltr'>interfui</span> <span class='ocrx_word' id='word_1_149' title='bbox 443 2872 535 2933; x_wconf 88' lang='lat' dir='ltr'>etde</span> <span class='ocrx_word' id='word_1_150' title='bbox 558 2873 717 2935; x_wconf 88' lang='lat' dir='ltr'>mandato</span> <span class='ocrx_word' id='word_1_151' title='bbox 749 2875 974 2954; x_wconf 86' lang='lat' dir='ltr'>predictorum</span> <span class='ocrx_word' id='word_1_152' title='bbox 1004 2875 1216 2935; x_wconf 89' lang='lat' dir='ltr'>dominorum</span> <span class='ocrx_word' id='word_1_153' title='bbox 1241 2874 1303 2935; x_wconf 86' lang='lat' dir='ltr'>Pot</span> 
     </span>
     <span class='ocr_line' id='line_1_20' title="bbox 178 2985 1142 3072; baseline 0.001 -22"><span class='ocrx_word' id='word_1_154' title='bbox 178 3003 213 3050; x_wconf 89' lang='lat' dir='ltr'>et</span> <span class='ocrx_word' id='word_1_155' title='bbox 240 2985 415 3070; x_wconf 85' lang='lat' dir='ltr'>Capitanei</span> <span class='ocrx_word' id='word_1_156' title='bbox 437 3007 474 3048; x_wconf 90' lang='lat' dir='ltr'>ac</span> <span class='ocrx_word' id='word_1_157' title='bbox 498 2987 637 3058; x_wconf 89' lang='lat' dir='ltr'>Consilii</span> <span class='ocrx_word' id='word_1_158' title='bbox 658 2991 838 3070; x_wconf 88' lang='lat' dir='ltr'>supradicti</span> <span class='ocrx_word' id='word_1_159' title='bbox 861 2992 1034 3071; x_wconf 87' lang='lat' dir='ltr'>subscripsi</span> <span class='ocrx_word' id='word_1_160' title='bbox 1058 2989 1142 3072; x_wconf 83' lang='lat' dir='ltr'><em>(s).-</em></span> 
     </span>
    </p>
   </div>
   <div class='ocr_carea' id='block_1_5' title="bbox 145 3228 1228 4213">
    <p class='ocr_par' dir='ltr' id='par_1_6' title="bbox 145 3228 1228 4213">
     <span class='ocr_line' id='line_1_21' title="bbox 238 3228 1193 3286; baseline 0.006 -19"><span class='ocrx_word' id='word_1_161' title='bbox 238 3228 276 3280; x_wconf 80' lang='lat' dir='ltr'>(a)</span> <span class='ocrx_word' id='word_1_162' title='bbox 292 3228 392 3267; x_wconf 55' lang='lat' dir='ltr'>&amp;carrara</span> <span class='ocrx_word' id='word_1_163' title='bbox 407 3229 546 3268; x_wconf 77' lang='lat' dir='ltr'>Brescr&#39;aua:</span> <span class='ocrx_word' id='word_1_164' title='bbox 563 3231 642 3269; x_wconf 84' lang='lat' dir='ltr'>eisdem</span> <span class='ocrx_word' id='word_1_165' title='bbox 659 3233 702 3270; x_wconf 86' lang='lat' dir='ltr'>suis</span> <span class='ocrx_word' id='word_1_166' title='bbox 719 3233 814 3279; x_wconf 69' lang='lat' dir='ltr'>stulius,</span> <span class='ocrx_word' id='word_1_167' title='bbox 831 3235 955 3272; x_wconf 71' lang='lat' dir='ltr'>auctoribus</span> <span class='ocrx_word' id='word_1_168' title='bbox 972 3244 993 3272; x_wconf 85' lang='lat' dir='ltr'>et</span> <span class='ocrx_word' id='word_1_169' title='bbox 1009 3234 1193 3286; x_wconf 73' lang='lat' dir='ltr'>procuratoribus,</span> 
     </span>
     <span class='ocr_line' id='line_1_22' title="bbox 237 3300 1228 3358; baseline 0.004 -20"><span class='ocrx_word' id='word_1_170' title='bbox 237 3300 273 3352; x_wconf 80' lang='lat' dir='ltr'>(b)</span> <span class='ocrx_word' id='word_1_171' title='bbox 288 3300 388 3340; x_wconf 67' lang='lat' dir='ltr'>procura</span> <span class='ocrx_word' id='word_1_172' title='bbox 403 3301 541 3341; x_wconf 79' lang='lat' dir='ltr'>Brercr&#39;ana:</span> <span class='ocrx_word' id='word_1_173' title='bbox 562 3304 606 3341; x_wconf 78' lang='lat' dir='ltr'>vite</span> <span class='ocrx_word' id='word_1_174' title='bbox 623 3303 784 3348; x_wconf 75' lang='lat' dir='ltr'>sindicatorum,</span> <span class='ocrx_word' id='word_1_175' title='bbox 803 3315 914 3342; x_wconf 75' lang='lat' dir='ltr'>auctorum</span> <span class='ocrx_word' id='word_1_176' title='bbox 933 3315 954 3344; x_wconf 87' lang='lat' dir='ltr'>ct</span> <span class='ocrx_word' id='word_1_177' title='bbox 970 3315 1132 3358; x_wconf 81' lang='lat' dir='ltr'>procuratorum</span> <span class='ocrx_word' id='word_1_178' title='bbox 1153 3305 1228 3344; x_wconf 82' lang='lat' dir='ltr'>Cnmur</span> 
     </span>
     <span class='ocr_line' id='line_1_23' title="bbox 179 3372 1170 3430; baseline 0.001 -18"><span class='ocrx_word' id='word_1_179' title='bbox 179 3372 273 3412; x_wconf 69' lang='lat' dir='ltr'>,llantur</span> <span class='ocrx_word' id='word_1_180' title='bbox 289 3383 312 3410; x_wconf 74' lang='lat' dir='ltr'>a:</span> <span class='ocrx_word' id='word_1_181' title='bbox 328 3372 423 3424; x_wconf 83' lang='lat' dir='ltr'>ipsorum</span> <span class='ocrx_word' id='word_1_182' title='bbox 440 3373 576 3422; x_wconf 73' lang='lat' dir='ltr'>Commium,</span> <span class='ocrx_word' id='word_1_183' title='bbox 591 3373 761 3414; x_wconf 79' lang='lat' dir='ltr'>Universitatum</span> <span class='ocrx_word' id='word_1_184' title='bbox 778 3387 798 3414; x_wconf 84' lang='lat' dir='ltr'>er</span> <span class='ocrx_word' id='word_1_185' title='bbox 815 3378 946 3428; x_wconf 78' lang='lat' dir='ltr'>singularum</span> <span class='ocrx_word' id='word_1_186' title='bbox 962 3391 1101 3430; x_wconf 80' lang='lat' dir='ltr'>personarum</span> <span class='ocrx_word' id='word_1_187' title='bbox 1114 3376 1170 3415; x_wconf 87' lang='lat' dir='ltr'>Vero</span> 
     </span>
     <span class='ocr_line' id='line_1_24' title="bbox 178 3443 389 3486; baseline -0.005 -3"><span class='ocrx_word' id='word_1_188' title='bbox 178 3457 227 3483; x_wconf 85' lang='lat' dir='ltr'>rum</span> <span class='ocrx_word' id='word_1_189' title='bbox 244 3443 389 3486; x_wconf 83' lang='lat' dir='ltr'>districtuum.</span> 
     </span>
     <span class='ocr_line' id='line_1_25' title="bbox 238 3514 852 3567; baseline 0.008 -13"><span class='ocrx_word' id='word_1_190' title='bbox 238 3514 272 3567; x_wconf 87' lang='lat' dir='ltr'>(c)</span> <span class='ocrx_word' id='word_1_191' title='bbox 287 3515 388 3554; x_wconf 69' lang='lat' dir='ltr'>procura</span> <span class='ocrx_word' id='word_1_192' title='bbox 403 3517 558 3557; x_wconf 71' lang='lat' dir='ltr'>Mantmma:</span> <span class='ocrx_word' id='word_1_193' title='bbox 574 3517 642 3556; x_wconf 61' lang='lat' dir='ltr'>»littus</span> <span class='ocrx_word' id='word_1_194' title='bbox 660 3517 754 3556; x_wconf 74' lang='lat' dir='ltr'>L&#39;bnlus</span> <span class='ocrx_word' id='word_1_195' title='bbox 771 3531 852 3559; x_wconf 86' lang='lat' dir='ltr'>eorum.</span> 
     </span>
     <span class='ocr_line' id='line_1_26' title="bbox 236 3586 1172 3642; baseline 0.005 -17"><span class='ocrx_word' id='word_1_196' title='bbox 236 3586 276 3640; x_wconf 82' lang='lat' dir='ltr'>(d)</span> <span class='ocrx_word' id='word_1_197' title='bbox 291 3587 393 3627; x_wconf 61' lang='lat' dir='ltr'>&amp;ocrem</span> <span class='ocrx_word' id='word_1_198' title='bbox 407 3589 544 3629; x_wconf 80' lang='lat' dir='ltr'>Bresriunu:</span> <span class='ocrx_word' id='word_1_199' title='bbox 559 3601 691 3642; x_wconf 68' lang='lat' dir='ltr'>precumque</span> <span class='ocrx_word' id='word_1_200' title='bbox 708 3590 756 3628; x_wconf 79' lang='lat' dir='ltr'>dicti</span> <span class='ocrx_word' id='word_1_201' title='bbox 773 3591 852 3630; x_wconf 83' lang='lat' dir='ltr'>domini</span> <span class='ocrx_word' id='word_1_202' title='bbox 869 3590 939 3637; x_wconf 66' lang='lat' dir='ltr'>Obico</span> <span class='ocrx_word' id='word_1_203' title='bbox 955 3602 974 3630; x_wconf 80' lang='lat' dir='ltr'>et</span> <span class='ocrx_word' id='word_1_204' title='bbox 991 3591 1102 3630; x_wconf 70' lang='lat' dir='ltr'>brixianus</span> <span class='ocrx_word' id='word_1_205' title='bbox 1117 3604 1172 3630; x_wconf 57' lang='lat' dir='ltr'>coru</span> 
     </span>
     <span class='ocr_line' id='line_1_27' title="bbox 145 3657 382 3713; baseline 0.004 -14"><span class='ocrx_word' id='word_1_206' title='bbox 145 3657 148 3662; x_wconf 88' lang='lat'>&#39;</span> <span class='ocrx_word' id='word_1_207' title='bbox 178 3671 202 3699; x_wconf 79' lang='lat' dir='ltr'>er</span> <span class='ocrx_word' id='word_1_208' title='bbox 218 3669 382 3713; x_wconf 70' lang='lat' dir='ltr'>procuratores.</span> 
     </span>
     <span class='ocr_line' id='line_1_28' title="bbox 237 3730 673 3784; baseline 0.002 -14"><span class='ocrx_word' id='word_1_209' title='bbox 237 3730 272 3784; x_wconf 78' lang='lat' dir='ltr'>(c)</span> <span class='ocrx_word' id='word_1_210' title='bbox 288 3731 389 3770; x_wconf 82' lang='lat' dir='ltr'>Procura</span> <span class='ocrx_word' id='word_1_211' title='bbox 403 3732 561 3772; x_wconf 63' lang='lat' dir='ltr'>mauman:</span> <span class='ocrx_word' id='word_1_212' title='bbox 577 3733 673 3771; x_wconf 77' lang='lat' dir='ltr'>llantur.</span> 
     </span>
     <span class='ocr_line' id='line_1_29' title="bbox 292 3802 636 3844; baseline -0.003 -1"><span class='ocrx_word' id='word_1_213' title='bbox 292 3802 393 3843; x_wconf 80' lang='lat' dir='ltr'>Procum</span> <span class='ocrx_word' id='word_1_214' title='bbox 407 3804 545 3842; x_wconf 72' lang='lat' dir='ltr'>Brercr&#39;aua:</span> <span class='ocrx_word' id='word_1_215' title='bbox 560 3805 636 3844; x_wconf 72' lang='lat' dir='ltr'>nnnc.</span> 
     </span>
     <span class='ocr_line' id='line_1_30' title="bbox 237 3873 1020 3928; baseline 0.001 -14"><span class='ocrx_word' id='word_1_216' title='bbox 237 3873 291 3928; x_wconf 91' lang='lat' dir='ltr'>(s)</span> <span class='ocrx_word' id='word_1_217' title='bbox 305 3874 341 3914; x_wconf 81' lang='lat' dir='ltr'>La</span> <span class='ocrx_word' id='word_1_218' title='bbox 351 3879 452 3924; x_wconf 73' lang='lat' dir='ltr'>procura</span> <span class='ocrx_word' id='word_1_219' title='bbox 468 3877 606 3915; x_wconf 62' lang='lat' dir='ltr'>Maurarum</span> <span class='ocrx_word' id='word_1_220' title='bbox 622 3877 731 3914; x_wconf 70' lang='lat' dir='ltr'>rrnlnssr&#39;n</span> <span class='ocrx_word' id='word_1_221' title='bbox 747 3878 770 3916; x_wconf 81' lang='lat' dir='ltr'>In</span> <span class='ocrx_word' id='word_1_222' title='bbox 786 3877 841 3916; x_wconf 68' lang='lat' dir='ltr'>duta</span> <span class='ocrx_word' id='word_1_223' title='bbox 857 3891 867 3915; x_wconf 86' lang='lat' dir='ltr'>e</span> <span class='ocrx_word' id='word_1_224' title='bbox 883 3879 905 3916; x_wconf 79' lang='lat' dir='ltr'>ln</span> <span class='ocrx_word' id='word_1_225' title='bbox 922 3879 1020 3917; x_wconf 67' lang='lat' dir='ltr'>sarrnscrl</span> 
     </span>
     <span class='ocr_line' id='line_1_31' title="bbox 294 3945 1018 3995; baseline 0.003 -11"><span class='ocrx_word' id='word_1_226' title='bbox 294 3945 328 3984; x_wconf 88' lang='lat' dir='ltr'>La</span> <span class='ocrx_word' id='word_1_227' title='bbox 339 3951 441 3995; x_wconf 74' lang='lat' dir='ltr'>procura</span> <span class='ocrx_word' id='word_1_228' title='bbox 456 3947 579 3985; x_wconf 81' lang='lat' dir='ltr'>Bresrianu</span> <span class='ocrx_word' id='word_1_229' title='bbox 595 3947 624 3984; x_wconf 66' lang='lat' dir='ltr'>rii</span> <span class='ocrx_word' id='word_1_230' title='bbox 639 3949 706 3995; x_wconf 71' lang='lat' dir='ltr'>quest·</span> <span class='ocrx_word' id='word_1_231' title='bbox 717 3949 794 3986; x_wconf 68' lang='lat' dir='ltr'>ultima</span> <span class='ocrx_word' id='word_1_232' title='bbox 809 3953 877 3986; x_wconf 69' lang='lat' dir='ltr'>antra</span> <span class='ocrx_word' id='word_1_233' title='bbox 892 3949 929 3987; x_wconf 71' lang='lat' dir='ltr'>dcl</span> <span class='ocrx_word' id='word_1_234' title='bbox 941 3949 1018 3987; x_wconf 71' lang='lat' dir='ltr'>‹ln-nm</span> 
     </span>
     <span class='ocr_line' id='line_1_32' title="bbox 291 4016 1020 4065; baseline 0 -7"><span class='ocrx_word' id='word_1_235' title='bbox 291 4016 438 4058; x_wconf 82' lang='lat' dir='ltr'>luterl&#39;ueruut</span> <span class='ocrx_word' id='word_1_236' title='bbox 450 4028 515 4058; x_wconf 82' lang='lat' dir='ltr'>testes</span> <span class='ocrx_word' id='word_1_237' title='bbox 528 4019 677 4057; x_wconf 76' lang='lat' dir='ltr'>Bonmcnrura</span> <span class='ocrx_word' id='word_1_238' title='bbox 693 4019 794 4065; x_wconf 55' lang='lat' dir='ltr'>l&#39;crgerii,</span> <span class='ocrx_word' id='word_1_239' title='bbox 811 4020 934 4059; x_wconf 76' lang='lat' dir='ltr'>Donnrinus</span> <span class='ocrx_word' id='word_1_240' title='bbox 946 4022 970 4058; x_wconf 82' lang='lat' dir='ltr'>de</span> <span class='ocrx_word' id='word_1_241' title='bbox 982 4023 1020 4058; x_wconf 54' lang='grc' dir='ltr'>ΗΜ</span> 
     </span>
     <span class='ocr_line' id='line_1_33' title="bbox 177 4088 987 4140; baseline 0.001 -12"><span class='ocrx_word' id='word_1_242' title='bbox 177 4090 239 4128; x_wconf 87' lang='lat' dir='ltr'>linus</span> <span class='ocrx_word' id='word_1_243' title='bbox 255 4088 338 4140; x_wconf 69' lang='lat' dir='ltr'>Bacega</span> <span class='ocrx_word' id='word_1_244' title='bbox 355 4090 452 4127; x_wconf 79' lang='lat' dir='ltr'>notarius</span> <span class='ocrx_word' id='word_1_245' title='bbox 468 4089 518 4128; x_wconf 80' lang='lat' dir='ltr'>dicti</span> <span class='ocrx_word' id='word_1_246' title='bbox 529 4090 608 4127; x_wconf 81' lang='lat' dir='ltr'>domini</span> <span class='ocrx_word' id='word_1_247' title='bbox 621 4090 707 4139; x_wconf 73' lang='lat' dir='ltr'>l&#39;icrrij,</span> <span class='ocrx_word' id='word_1_248' title='bbox 723 4089 816 4128; x_wconf 73' lang='lat' dir='ltr'>leelinus</span> <span class='ocrx_word' id='word_1_249' title='bbox 836 4091 920 4137; x_wconf 55' lang='lat' dir='ltr'>ltu-oni</span> <span class='ocrx_word' id='word_1_250' title='bbox 937 4101 987 4129; x_wconf 85' lang='lat' dir='ltr'>nora</span> 
     </span>
     <span class='ocr_line' id='line_1_34' title="bbox 176 4160 988 4213; baseline 0.001 -14"><span class='ocrx_word' id='word_1_251' title='bbox 176 4161 290 4208; x_wconf 66' lang='lat' dir='ltr'>veturius,</span> <span class='ocrx_word' id='word_1_252' title='bbox 306 4160 415 4200; x_wconf 85' lang='lat' dir='ltr'>Bellonus</span> <span class='ocrx_word' id='word_1_253' title='bbox 431 4161 548 4200; x_wconf 79' lang='lat' dir='ltr'>Percossus</span> <span class='ocrx_word' id='word_1_254' title='bbox 565 4172 585 4200; x_wconf 80' lang='lat' dir='ltr'>et</span> <span class='ocrx_word' id='word_1_255' title='bbox 601 4161 732 4200; x_wconf 68' lang='lat' dir='ltr'>(iracurdeus</span> <span class='ocrx_word' id='word_1_256' title='bbox 749 4162 823 4200; x_wconf 67' lang='lat' dir='ltr'>Grnssi</span> <span class='ocrx_word' id='word_1_257' title='bbox 839 4175 942 4213; x_wconf 81' lang='lat' dir='ltr'>precones</span> <span class='ocrx_word' id='word_1_258' title='bbox 958 4162 988 4200; x_wconf 88' lang='lat' dir='ltr'>Cu</span> 
     </span>
    </p>
   </div>
   <div class='ocr_carea' id='block_1_6' title="bbox 175 4301 988 4499">
    <p class='ocr_par' dir='ltr' id='par_1_7' title="bbox 175 4301 988 4499">
     <span class='ocr_line' id='line_1_35' title="bbox 239 4301 987 4356; baseline 0 -14"><span class='ocrx_word' id='word_1_259' title='bbox 239 4302 289 4356; x_wconf 78' lang='lat' dir='ltr'>Ego</span> <span class='ocrx_word' id='word_1_260' title='bbox 304 4303 413 4342; x_wconf 79' lang='lat' dir='ltr'>Antonius</span> <span class='ocrx_word' id='word_1_261' title='bbox 429 4303 453 4341; x_wconf 84' lang='lat' dir='ltr'>de</span> <span class='ocrx_word' id='word_1_262' title='bbox 468 4301 558 4355; x_wconf 75' lang='lat' dir='ltr'>Caleplo</span> <span class='ocrx_word' id='word_1_263' title='bbox 574 4303 676 4355; x_wconf 76' lang='lat' dir='ltr'>imperiali</span> <span class='ocrx_word' id='word_1_264' title='bbox 693 4305 822 4342; x_wconf 75' lang='lat' dir='ltr'>auctoritate</span> <span class='ocrx_word' id='word_1_265' title='bbox 839 4306 934 4341; x_wconf 75' lang='lat' dir='ltr'>notarius</span> <span class='ocrx_word' id='word_1_266' title='bbox 951 4314 987 4342; x_wconf 89' lang='lat' dir='ltr'>run</span> 
     </span>
     <span class='ocr_line' id='line_1_36' title="bbox 178 4373 987 4425; baseline -0.006 -8"><span class='ocrx_word' id='word_1_267' title='bbox 178 4377 264 4417; x_wconf 77' lang='lat' dir='ltr'>domiui</span> <span class='ocrx_word' id='word_1_268' title='bbox 282 4374 360 4412; x_wconf 71' lang='lat' dir='ltr'>vicarii</span> <span class='ocrx_word' id='word_1_269' title='bbox 377 4385 397 4413; x_wconf 83' lang='lat' dir='ltr'>et</span> <span class='ocrx_word' id='word_1_270' title='bbox 412 4373 515 4413; x_wconf 80' lang='lat' dir='ltr'>Comanis</span> <span class='ocrx_word' id='word_1_271' title='bbox 531 4375 598 4413; x_wconf 74' lang='lat' dir='ltr'>llriue</span> <span class='ocrx_word' id='word_1_272' title='bbox 616 4375 716 4425; x_wconf 68' lang='lat' dir='ltr'>preditus</span> <span class='ocrx_word' id='word_1_273' title='bbox 736 4374 819 4412; x_wconf 69' lang='lat' dir='ltr'>intertui</span> <span class='ocrx_word' id='word_1_274' title='bbox 837 4385 857 4411; x_wconf 82' lang='lat' dir='ltr'>et</span> <span class='ocrx_word' id='word_1_275' title='bbox 873 4377 897 4412; x_wconf 83' lang='lat' dir='ltr'>de</span> <span class='ocrx_word' id='word_1_276' title='bbox 914 4376 987 4412; x_wconf 71' lang='lat' dir='ltr'>munli</span> 
     </span>
     <span class='ocr_line' id='line_1_37' title="bbox 175 4444 988 4499; baseline -0.007 -11"><span class='ocrx_word' id='word_1_277' title='bbox 175 4457 199 4488; x_wconf 75' lang='lat' dir='ltr'>et</span> <span class='ocrx_word' id='word_1_278' title='bbox 220 4445 337 4499; x_wconf 78' lang='lat' dir='ltr'>Capitanri</span> <span class='ocrx_word' id='word_1_279' title='bbox 352 4454 373 4483; x_wconf 83' lang='lat' dir='ltr'>et</span> <span class='ocrx_word' id='word_1_280' title='bbox 389 4444 504 4483; x_wconf 85' lang='lat' dir='ltr'>Hominum</span> <span class='ocrx_word' id='word_1_281' title='bbox 521 4446 571 4483; x_wconf 76' lang='lat' dir='ltr'>dicti</span> <span class='ocrx_word' id='word_1_282' title='bbox 587 4445 678 4483; x_wconf 69' lang='lat' dir='ltr'>Coruin</span> <span class='ocrx_word' id='word_1_283' title='bbox 696 4448 749 4497; x_wconf 57' lang='lat' dir='ltr'>scrip</span> <span class='ocrx_word' id='word_1_284' title='bbox 766 4447 769 4482; x_wconf 84' lang='lat' dir='ltr'>i</span> <span class='ocrx_word' id='word_1_285' title='bbox 787 4447 879 4496; x_wconf 74' lang='lat' dir='ltr'>predicta</span> <span class='ocrx_word' id='word_1_286' title='bbox 897 4457 916 4484; x_wconf 82' lang='lat' dir='ltr'>er</span> <span class='ocrx_word' id='word_1_287' title='bbox 933 4448 952 4483; x_wconf 88' lang='lat' dir='ltr'>in</span> <span class='ocrx_word' id='word_1_288' title='bbox 969 4461 988 4498; x_wconf 74' lang='lat' dir='ltr'>pr</span> 
     </span>
    </p>
   </div>
   <div class='ocr_carea' id='block_1_7' title="bbox 0 0 1445 4792">
    <p class='ocr_par' dir='ltr' id='par_1_8' title="bbox 0 0 1445 4792">
     <span class='ocr_line' id='line_1_38' title="bbox 0 0 1445 4792; baseline 0 0"><span class='ocrx_word' id='word_1_289' title='bbox 0 0 1445 4792; x_wconf 95' lang='lat' dir='ltr'> </span> 
     </span>
    </p>
   </div>
  </div>
 </body>
</html>
