2874 4748
648 423 719 466 noe.
742 423 834 464 cxiv:
860 423 935 484 1299

775 777 801 837 3.

265 947 396 1029 Maggio
423 971 450 1020 2,
475 950 560 1028 dopo
584 919 683 1010 le'tre
707 949 932 1028 pomeridiane.
957 985 1002 997 -
1025 947 1207 1034 Ripropostu
1234 948 1265 1010 in
1288 945 1402 1012 Consi-

171 1072 237 1158 glio
261 1069 291 1136 ln
314 1073 461 1158 questione
484 1070 517 1136 eli
543 1069 690 1158 Ostigliu,
715 1072 744 1136 si
765 1069 895 1136 delibero
911 1071 944 1136 di
963 1066 1133 1159 suspendere
1152 1082 1209 1159 per
1232 1072 1308 1158 vergi
1332 1072 1404 1157 egen

173 1192 326 1258 decisione.

256 1388 298 1450 Et
321 1387 431 1449 eodem
456 1386 518 1456 die,
542 1401 612 1467 post
636 1406 770 1448 nonam.

255 1503 457 1572 Convocatis
477 1520 508 1566 et
533 1503 654 1565 habitis
682 1526 738 1587 per
768 1505 893 1566 dictum
909 1505 1098 1566 ¹dominum
1120 1505 1342 1586 Capitaneum
1367 1507 1400 1566 iu

173 1621 242 1682 eius
257 1621 357 1683 domo
371 1620 558 1706 prescriptis
574 1620 785 1703 Sapientibus
798 1641 908 1683 coram
930 1642 977 1693 e0,
993 1637 1141 1703 presente
1163 1622 1251 1683 dicto
1268 1623 1403 1684 domino

175 1737 307 1819 Tagino
321 1752 352 1800 et
375 1738 464 1806 dicto
480 1738 616 1801 domino
633 1737 833 1810 Schenarcl0,
848 1752 879 1799 et
895 1758 969 1799 cum
993 1738 1037 1800 eis
1058 1759 1191 1821 quoque
1213 1740 1403 1801 convocatis

175 1869 207 1915 et
226 1853 347 1914 habitis
359 1854 496 1916 domino
511 1854 738 1935 Palavignono
762 1859 881 1916 Amate
893 1868 923 1916 et
937 1855 1072 1916 domino
1096 1855 1219 1916 Facino
1236 1855 1404 1936 Brognoli.

255 1969 297 2029 Et
321 1970 489 2049 proposito
512 1989 567 2050 per
589 1969 714 2031 dictum
739 1944 961 2050 Capitaneum
982 1971 1113 2050 negotio
1135 1970 1358 2050 suprascripto
1374 1985 1408 2031 et

176 2084 311 2146 consilio
334 2088 511 2167 postulato

257 2275 419 2336 Dominus
441 2273 615 2335 Montinus
636 2273 675 2334 de
698 2273 817 2360 Spallis
838 2272 1016 2342 consuluit,
1035 2273 1122 2353 quod
1147 2273 1317 2354 navigium
1342 2275 1404 2335 Co·

178 2390 287 2450 rutenis
311 2390 449 2451 Mantue
473 2387 639 2450 reficiatur
672 2403 703 2450 et
732 2402 924 2476 reparetur,
947 2403 984 2450 ut
1008 2408 1067 2470 pro
1089 2361 1318 2470 oportunitate
1341 2387 1405 2450 Co-

177 2506 286 2566 munis
309 2505 446 2566 Mantue
468 2504 560 2565 omni
584 2518 729 2586 tempore
750 2506 792 2566 sit
815 2519 982 2592 paratum,

259 2620 340 2682 Item
353 2619 441 2701 quod
455 2620 637 2682 mittantur
651 2621 817 2683 Veronam
830 2620 872 2684 ad
887 2620 1013 2681 dictum
1037 2620 1211 2681 dominum
1229 2621 1403 2681 Albertum

177 2750 321 2818 quatuor
343 2739 572 2800 ambaxatores
590 2737 698 2798 idonei
714 2753 744 2800 et
760 2737 958 2802 sufficientes
980 2737 1018 2797 de
1042 2738 1263 2817 Sapientibus,
1285 2735 1324 2797 de
1348 2736 1406 2797 Po·

177 2854 348 2934 pularibus
370 2868 401 2916 et
424 2854 462 2916 de
484 2853 641 2915 Antianis
662 2853 822 2914 Comunis
846 2853 994 2924 Mantue,
1017 2854 1073 2933 qui
1101 2866 1215 2914 euntes
1237 2866 1404 2932 exponant

178 2967 313 3040 factum,
337 2982 373 3029 ut
396 2982 442 3029 est
471 2968 683 3029 inhonestum
714 2981 744 3028 et
772 2967 959 3048 indignum,
989 2981 1018 3032 et
1043 2978 1157 3046 rogent
1186 2965 1404 3026 amicabiliter

177 3083 283 3162 ipsum
307 3083 480 3144 dominum
504 3083 793 3163 Albertum,quod
816 3084 949 3144 desistat
971 3096 1001 3143 et
1020 3085 1173 3146 reformet
1197 3083 1286 3162 quod
1310 3083 1405 3142 male·

178 3198 300 3259 factum
324 3213 380 3270 est,
395 3198 475 3269 et,si
494 3212 627 3279 rogatus
649 3197 820 3267 destiterit,
843 3197 1122 3278 quemadmodum
1147 3198 1185 3257 de
1208 3200 1278 3258 iure
1301 3198 1405 3266 debet,

179 3317 257 3377 bene
280 3317 432 3397 quidam3
453 3318 503 3377 sin
528 3331 648 3386 autem,
672 3337 756 3377 nova
783 3337 829 3376 res
853 3336 976 3377 novum
1002 3316 1136 3378 habebit
1160 3317 1344 3376 consilium.

260 3432 421 3494 Dominus
445 3431 651 3492 Domafollus
679 3431 717 3491 de
747 3431 896 3491 Tribulis
925 3432 1103 3501 consuluit,
1128 3431 1216 3511 quod
1240 3451 1306 3491 uon
1331 3431 1405 3490 mit-

179 3562 294 3610 tantur
317 3548 456 3609 Autiani
481 3547 513 3608 in
538 3549 715 3609 ambaxata
740 3548 895 3628 predicta,
929 3567 985 3608 nec
1010 3549 1201 3628 propaletur
1225 3546 1406 3626 negotium,

177 3665 231 3726 sed
253 3665 390 3727 discrete
412 3679 442 3726 et
465 3665 593 3746 private
617 3665 796 3726 mittantur
820 3665 886 3724 cluo
910 3666 987 3725 boni
1011 3666 1241 3726 ambassatores
1263 3663 1406 3744 prudeu-

179 3792 234 3849 tes,
250 3779 318 3857 qui,
334 3792 457 3849 euntes,
475 3779 609 3850 lactum,
626 3790 823 3846 reverenter,
848 3777 1019 3839 humiliter
1036 3793 1135 3858 uterus
1158 3778 1339 3848 curialiter,
1357 3797 1406 3836 ex-

180 3907 352 3974 portentet
377 3909 511 3955 narrent
526 3895 614 3955 dicto
630 3894 765 3954 domino
782 3895 919 3954 Alberto
942 3909 972 3954 et
995 3895 1063 3954 eius
1086 3895 1153 3955 lilio
1169 3893 1306 3955 domiuo
1329 3893 1408 3954 Bar-

178 4011 321 4072 tolameo
343 4011 527 4091 Capitaneo
544 4010 571 4068 V
575 4029 672 4070 eronc
689 4030 747 4090 pro
764 4025 856 4090 parte
879 4010 1004 4070 domini
1025 4009 1200 4090 Capite-inei
1227 4011 1405 4070 Mantuani

177 4140 208 4185 et
231 4125 356 4186 domini
380 4126 502 4206 Tagini
519 4139 549 4186 et
568 4140 681 4205 rogent
702 4140 732 4185 et
751 4126 921 4205 requirent
942 4126 1116 4196 instanter,
1142 4139 1177 4186 ut
1201 4126 1356 4184 desistent
1374 4139 1404 4184 et

179 4239 368 4312 reforment,
391 4242 478 4320 quod
503 4241 713 4301 nuilel‘actum
738 4255 803 4310 est;
826 4255 855 4301 ct
878 4241 903 4300 si
927 4261 983 4320 per
1008 4242 1127 4300 bonam
1153 4241 1240 4300 viam
1266 4240 1411 4300 reconci-

179 4358 252 4418 liari
277 4361 385 4437 possit,
402 4357 475 4432 liat;
498 4378 585 4418 secus
602 4373 722 4426 aunem,
738 4359 778 4416 ad
799 4359 932 4418 fortiora
950 4378 1008 4417 suo
1032 4371 1178 4436 tempore
1199 4356 1406 4436 procedatur,

179 4473 333 4534 instando
355 4494 479 4554 semper
502 4491 532 4535 ec
555 4474 722 4554 operando
746 4474 785 4533 ad
802 4474 942 4550 pristiam
967 4489 997 4533 ct
1022 4473 1185 4533 unitatem
1209 4473 1340 4533 solitcun
1358 4493 1405 4531 re·

179 4586 350 4646 tinemlam
374 4601 404 4647 et
428 4587 612 4666 augendam
639 4586 714 4645 lriuc
738 4586 822 4648 inde.
