2874 4748
267 509 437 549 RELAZIONI
460 509 519 548 ΡΜ
543 508 671 550 VERONA
693 507 713 549 E
736 504 886 548 MANTOVA

0 750 1 771 r
22 737 52 789 0,
67 719 106 780 de
121 721 281 780 mandato
296 718 424 780 domini
441 719 631 782 Bardelloni
647 719 686 780 de
702 718 890 780 Bonacolsis
909 718 1072 801 capitanei
1100 721 1195 782 Man-

6 833 71 906 ani,
94 849 241 916 presente
257 853 389 916 quoque
404 835 541 896 domino
557 834 747 897 Schenardo
757 841 817 910 (α),
839 834 879 895 ad
896 834 983 916 quod
1007 834 1193 897 Consilium

5 952 137 1013 nrocati
161 967 306 1033 preterea
330 952 557 1014 interfuerunt
579 953 723 1014 domini:

206 1177 347 1238 Facinus
371 1176 528 1258 Brugnoli

204 1292 352 1354 Serlinus
375 1293 501 1355 domini
522 1291 752 1374 Compagnoni

207 1459 412 1584 Domasoilus
435 1524 473 1585 de
495 1524 646 1584 Tribulis

210 1755 438 1815 Mani'rediuus
461 1757 499 1816 de
522 1757 690 1818 Axandris

207 1871 400 1932 Bullacinus
422 1873 460 1933 de
483 1871 715 1934 cremensibus

210 2103 376 2164 Amadeus
399 2103 584 2183 Bonaguise
606 2103 661 2178 (b).

48 2335 222 2416 proposuit
246 2336 399 2396 dominus
421 2337 580 2416 Taginus‚
595 2356 670 2397 cum
695 2336 868 2397 voluntate
892 2336 972 2397 dicti
993 2336 1120 2399 domini
1138 2337 1197 2398 Ca·

2 2453 102 2521 tanei,
126 2472 181 2531 per
204 2466 307 2512 certos
331 2453 479 2512 homines
494 2452 532 2513 de
549 2453 698 2514 Bononia
721 2453 781 2512 sub
805 2455 938 2513 nomine
962 2451 1122 2514 Comunis
1139 2452 1199 2514 Bo·

0 2570 65 2628 nie
88 2568 244 2628 attentari
269 2582 300 2627 et
323 2581 526 2627 attentatum
561 2566 599 2627 de
631 2566 771 2628 volendo
793 2567 974 2626 conducere
998 2565 1134 2627 bladum
1159 2569 1197 2628 de

2 2684 74 2744 'eno
96 2683 248 2744 districtu
268 2683 462 2752 Bononiam,
479 2683 656 2743 transitum
682 2681 830 2743 iaciendo
848 2701 922 2743 cerm
939 2682 1008 2763 ipso
1024 2681 1122 2743 blado
1142 2703 1198 2763 per

5 2814 194 2861 antunuum
218 2799 416 2870 districtum,
439 2800 617 2861 cumomni
641 2799 767 2859 cautela
782 2813 812 2859 et
829 2799 986 2868 custodia,
1004 2819 1043 2859 ne
1060 2799 1195 2860 bladum

5 2916 143 2976 antumri
168 2917 337 2977 districtus
358 2916 419 2975 sub
443 2917 499 2976 ‘dio
523 2916 684 2976 velamine
707 2916 906 2976 extrahatur
929 2928 986 2976 aut
1010 2915 1173 2976 educatur
1188 2937 1197 2991 ;

0 3057 1 3063 ¹
28 3052 92 3110 quo
126 3031 221 3090 blado
246 3031 363 3092 forensi
387 3031 453 3090 sive
476 3032 573 3092 alieni
598 3031 765 3091 districtus
795 3048 825 3091 et
851 3031 882 3090 iu
910 3031 1017 3091 alieno
1040 3030 1193 3093 districtu

1 3163 97 3228 ‘cepto
121 3149 258 3228 predicti
283 3148 503 3208 Bononienses
525 3149 668 3208 offerunt
691 3170 721 3207 se
737 3149 873 3208 daturos
889 3148 1033 3209 Comuni
1059 3149 1199 3209 Mantue

15 3264 101 3323 minc
114 3265 194 3323 datii
210 3284 313 3324 mrum
329 3264 492 3324 Venetum
507 3283 659 3330 crassum.
673 3264 704 3324 in
719 3266 847 3324 ratione
859 3264 992 3324 sextarii
1007 3265 1197 3325 Mantuani.

48 3380 180 3452 Quibus
202 3381 307 3440 dictus
331 3379 533 3460 Capiturreus
550 3400 614 3440 non
640 3380 770 3440 videtur
791 3380 956 3450 assentire,
980 3399 1131 3440 recusans
1155 3381 1200 3441 eis

1 3498 140 3556 urcedere
154 3498 234 3555 cond
243 3497 388 3556 urionem
403 3510 432 3557 et
447 3498 624 3555 transitum
642 3496 719 3556 dicti
736 3497 823 3557 bladi
838 3510 969 3576 propter
982 3496 1198 3575 suspitionem

11 3613 190 3693 pulurium,
206 3633 243 3673 nc
256 3614 408 3672 credatur
423 3612 509 3692 quod
528 3613 660 3671 bladum
677 3613 852 3671 Mantuani
866 3611 1033 3671 districtus
1047 3611 1199 3672 extraha-

1 3751 22 3788 :r
45 3731 104 3789 sub
128 3731 184 3789 illo
209 3745 382 3810 p1·ctcxtu;
405 3745 435 3790 et
458 3731 481 3787 si
506 3730 644 3790 omnino
667 3730 797 3789 deberet
822 3728 1004 3796 concedere,
1028 3729 1131 3809 magis
1148 3748 1200 3788 ac-

5 3860 75 3925 ptat
93 3847 201 3906 dictus
219 3847 373 3906 dominus
390 3846 591 3924 Capitaneus
607 3847 708 3923 pratis
724 3845 896 3906 concedere
913 3865 1011 3924 quam
1029 3843 1127 3923 precij
1146 3865 1200 3904 seu

13 3963 47 4041 aij
74 3965 274 4024 interuentu.

52 4078 85 4137 ln
110 4099 176 4158 quo
211 4079 275 4158 ipse
309 4079 462 4138 dominus
495 4079 642 4157 Tnginus
675 4078 839 4157 preferens
872 4076 1034 4137 Comunr's
1061 4077 1203 4137 Mantue

8 4198 161 4266 minoda,
186 4198 216 4254 in
243 4198 298 4255 iila
322 4199 484 4257 sententiar
517 4217 580 4256 nou
612 4196 800 4264 coneordat,
830 4194 960 4255 credens
991 4193 1108 4253 utilius
1138 4215 1204 4254 esse

9 4313 114 4371 >mimi
142 4313 277 4371 ,tiarnne
303 4312 375 4372 inde
400 4313 481 4373 lucri
508 4313 620 4378 iacere,
642 4314 664 4370 si
690 4312 819 4371 concedi
845 4311 949 4380 debet,
972 4330 1071 4390 quum
1098 4311 1205 4390 gratis

1 4430 153 4489 meedere.

21 4620 55 4671 (rr)
73 4620 102 4657 lie
122 4618 215 4658 i'nlml».
232 4633 252 4657 rt.
269 4625 321 4658 prm
337 4621 361 4660 rtl
376 4635 396 4659 rr.
413 4633 434 4658 rr
504 4621 536 4671 (d)
553 4620 628 4666 Orrvdr'
642 4619 703 4656 rmusr'
719 4632 766 4656 <mir
782 4634 794 4657 u
805 4621 819 4657 κ’
834 4635 871 4657 μμ.
890 4617 1047 4657 .r';'srr·:‘f1ririsu
1064 4623 1157 4666 putarem
1173 4632 1210 4658 cr·-

6 4707 36 4734 τικ,
53 4695 86 4732 e'v'tr
109 4693 144 4739 prii
159 4704 191 4728 rus*
202 4706 257 4737 (aar.)
272 4692 367 4730 suisne·
384 4707 419 4730 sur
440 4706 463 4729 tt:
481 4693 529 4740 11:¹4»
545 4693 636 4731 farsr‘rrrt
651 4692 736 4730 inlr-ssa.
