2874 4748
56 440 111 517 342
357 459 527 500 rarrazroar
550 460 609 499 rna
633 458 761 499 r'eaoaa
785 458 804 498 u
826 457 978 499 aaarova

69 563 298 570 ...-—---.--..--
317 561 953 570 --—...-.....——..-—-——-0-——-.—--

53 688 128 730 cum
149 669 225 750 ipsis
240 669 383 730 dominis
399 669 565 730 Potestate
586 682 617 731 et
641 643 836 751 Capitaneo,
852 669 891 732 de
909 669 1109 732 auctoritate
1131 669 1277 751 ipsorum

52 785 266 847 dominorum
289 785 464 847 Potestatis
485 799 516 846 et
533 784 720 868 Capitanei.
736 805 795 867 pro
813 807 844 848 se
867 805 903 848 ac
926 787 995 848 vice
1017 801 1048 848 et
1072 787 1205 848 nomine
1228 785 1281 850 Ci-

51 900 174 973 vitatis,
196 900 357 963 Comunis
372 916 403 964 et
422 901 617 972 Hominum,
636 903 773 964 Mantue
795 902 953 973 fecerunt,
978 902 1225 965 constituerunt
1247 917 1280 965 et

50 1017 292 1080 ordinaverunt
325 1018 435 1080 virum
468 1019 643 1101 providum
664 1019 848 1096 ,dominum
875 1021 1054 1102 Mapheum
1077 1020 1216 1084 iudicem
1241 1020 1281 1081 de

52 1132 283 1204 Mechaelibus‚
295 1148 487 1214 presentem,
501 1149 642 1196 suumet
654 1136 740 1197 dicte
752 1133 952 1198 Civitatiset
965 1134 1127 1198 Comanis
1140 1136 1280 1198 Mantue

49 1248 223 1320 sindicum,
247 1250 403 1312 nuntium
428 1264 459 1312 et
482 1266 731 1331 procuratorem
755 1251 796 1312 ad
821 1250 1015 1323 ledendum,
1039 1250 1225 1313 ineundum
1248 1266 1278 1312 et

50 1361 315 1422 contrahendum
337 1361 537 1434 societatem,
559 1364 728 1435 unionem,
750 1363 1049 1426 confederationem
1074 1377 1105 1425 et
1130 1364 1279 1426 fraterni·

51 1490 153 1540 tatem
176 1496 251 1539 cum
280 1479 420 1560 provido
450 1479 521 1540 viro
544 1479 680 1541 domino
702 1480 858 1546 Conrado
886 1479 925 1541 de
956 1478 1059 1542 Giziis
1087 1480 1125 1541 de
1147 1480 1277 1549 Ymola,

50 1594 212 1654 Comunis
235 1595 364 1656 Verone
380 1595 487 1657 iudice
503 1617 538 1657 ac
563 1610 696 1666 rectore,
711 1610 743 1658 et
757 1597 924 1658 nobilibus
945 1611 977 1659 et
1000 1595 1183 1678 magnificis
1199 1596 1277 1657 viris

50 1710 192 1770 dominis
208 1712 346 1773 Alberto
362 1713 399 1773 de
415 1713 444 1773 la
462 1713 566 1784 Scala,
581 1713 755 1794 capitaneo
772 1712 916 1794 generali
932 1689 1052 1794 Populi
1068 1725 1099 1774 et
1117 1711 1276 1774 Comunis

52 1824 190 1898 Verone,
212 1841 244 1888 et
267 1827 501 1889 Bartholameo
516 1828 553 1887 de
570 1829 600 1888 la
617 1829 709 1889 Scala
734 1829 955 1910 primogenito
969 1848 1029 1889 suo
1045 1828 1196 1889 similiter
1213 1826 1275 1888 Ca-

50 1942 184 2022 pitaneo
206 1943 325 2026 Populi
347 1958 378 2005 et
402 1943 561 2005 Comanis
586 1945 713 2006 Verone
736 1960 767 2006 et
790 1965 865 2007 curn
889 1945 1046 2015 Ciuitate,
1076 1944 1221 2006 Comuni
1242 1958 1274 2005 et

52 2058 253 2120 Hominibus
277 2060 416 2131 Verone,
430 2081 485 2122 seu
502 2081 575 2121 cum
599 2061 725 2121 sindico
747 2063 797 2122 vel
812 2061 954 2132 sindicis‚
971 2062 1092 2123 nuntio
1114 2075 1145 2122 et
1161 2079 1277 2141 procu·

51 2189 159 2235 ratore
189 2175 333 2255 ipsorum
366 2177 579 2238 dominorum
604 2177 794 2247 Remorum,
827 2177 1087 2258 Capitaneorum
1121 2176 1280 2238 Civitatis

50 2289 212 2351 Comunis
233 2305 265 2353 et
289 2292 474 2354 Hominum
509 2293 646 2364 Verone,
668 2293 751 2354 sicut
774 2293 877 2354 eidem
909 2293 1035 2355 sindico
1063 2295 1113 2354 vel
1136 2292 1279 2362 sindicis‚

53 2408 173 2469 nuntio
196 2421 227 2470 et
251 2411 458 2488 procuratori
483 2410 628 2489 ipsorum
653 2409 866 2470 dominorum
891 2410 1076 2482 Potestatis‚
1100 2408 1277 2492 Capitanei

50 2524 206 2587 Civitatis
231 2527 377 2598 Manum,
402 2527 562 2588 Comanis
584 2542 615 2587 et
642 2527 825 2588 Hominum
851 2529 988 2590 Mantue
1010 2528 1044 2589 in
1067 2527 1222 2610 predictis
1244 2541 1277 2588 et

46 2642 185 2723 singulis
202 2657 233 2704 et
249 2643 332 2703 circa
349 2664 384 2705 ea
406 2644 520 2704 melius
544 2643 710 2704 videbitur
732 2644 900 2725 expedire;
982 2659 1013 2706 et
1027 2644 1068 2705 ad
1085 2644 1277 2725 promitten·
1331 2705 1333 2708 ,

48 2758 127 2818 dum
150 2759 210 2818 sub
232 2771 318 2819 certa
343 2779 425 2840 pena
457 2759 667 2830 damnorum,
696 2779 912 2839 expensarum
937 2774 967 2821 et
991 2759 1177 2832 relectione,
1198 2779 1275 2820 cum

49 2877 354 2937 renuntiationibus
376 2877 572 2958 opportunis
587 2891 617 2938 et
633 2879 694 2936 sub
716 2877 918 2957 obligatione
943 2879 1105 2939 bonorum
1129 2878 1274 2958 ipsorum

48 2993 322 3054 constituentium
346 3009 376 3054 et
401 2993 561 3054 Comanis
585 2994 733 3064 Maurae,
756 3014 791 3054 ac
815 2993 996 3054 iurandum
1020 2994 1054 3054 in
1078 2995 1203 3056 animas
1224 3013 1277 3054 eo·

50 3109 199 3168 rumdem
223 3110 334 3170 omnia
358 3124 388 3170 et
411 3110 550 3188 singula,
573 3131 635 3190 quc
651 3130 746 3190 super
771 3111 922 3190 predictis
938 3124 968 3171 et
985 3112 1133 3191 quolibet
1155 3109 1278 3192 predic·

49 3242 160 3288 torum
184 3242 214 3288 et
238 3230 320 3288 cirea
348 3230 490 3308 predicta
515 3244 545 3290 et
568 3230 697 3310 singula
723 3229 774 3289 lric
799 3229 872 3288 inde
895 3230 1057 3301 dicentur,
1081 3241 1220 3310 agentur
1243 3241 1276 3289 et

50 3339 139 3412 fient,
161 3341 328 3401 attendere
344 3356 374 3402 et
394 3342 631 3403 inviolabiliter
652 3357 810 3422 perpetuo
826 3344 998 3403 observare
1007 3363 1014 3416 ;
1091 3355 1122 3404 et
1140 3341 1179 3402 ad
1197 3343 1277 3403 reci·

50 3457 207 3536 piendum
225 3477 241 3515 a
260 3458 393 3537 prelatis
410 3459 551 3518 dominis
569 3459 745 3530 potestate,
762 3459 946 3540 Capitaneo
970 3460 1110 3530 Verone,
1128 3457 1276 3520 civitate

49 3571 193 3631 Comani
211 3587 241 3633 et
262 3573 461 3632 Hominibus
486 3574 624 3642 Verane,
646 3594 700 3634 seu
718 3575 758 3634 ab
775 3595 888 3634 eorum
912 3573 1038 3634 sindico
1062 3575 1110 3635 vel
1131 3572 1276 3644 sindicis‚

50 3689 170 3748 nuntio
183 3703 213 3749 et
238 3706 449 3768 procuratore
471 3689 610 3750 similem
636 3689 895 3769 promissionem,
911 3704 941 3750 et
959 3691 992 3749 in
1010 3691 1135 3751 animas
1157 3709 1278 3750 earun-

49 3804 120 3863 dem
134 3806 238 3865 simile
257 3797 501 3878 iuramentum
578 3821 608 3865 et
632 3806 828 3884 generaliter
845 3805 883 3864 ad
901 3807 1012 3866 omnia
1030 3820 1061 3867 et
1077 3806 1205 3885 singula
1229 3804 1276 3865 di·

49 3921 160 3991 cenda,
183 3922 318 4000 agenda,
341 3943 395 3982 sea
420 3922 564 3982 sarienda
588 3938 618 3982 et
645 3923 839 4002 recipienda,
862 3942 924 4002 que
941 3923 974 3982 in
993 3921 1145 4004 predictis
1166 3935 1198 3984 et
1214 3922 1277 3983 sin-

49 4040 133 4117 gulis
156 4053 185 4099 et
216 4041 298 4099 circa
330 4063 375 4109 ea,
399 4055 465 4099 tam
500 4041 537 4099 de
571 4041 818 4110 consuetudine,
850 4060 948 4121 quam
981 4040 1018 4100 de
1048 4043 1116 4100 iure
1150 4038 1275 4100 fuerint

49 4171 236 4236 opportuna
255 4174 284 4217 et
299 4158 410 4230 atilia3
493 4158 606 4216 <lantes
621 4172 651 4217 et
669 4157 879 4217 concedentes
895 4158 997 4218 eidem
1014 4156 1139 4217 sindico
1154 4171 1185 4218 et
1203 4176 1277 4238 pro-

49 4273 193 4333 curatori
228 4275 363 4333 liberam
388 4289 419 4334 et
441 4274 622 4352 generalem
659 4275 981 4335 administrationem
1015 4289 1045 4335 et
1079 4273 1220 4334 liberum
1243 4287 1275 4334 et

49 4390 196 4466 generale
214 4390 406 4450 maridatam
426 4393 458 4448 in
477 4389 629 4468 predictis
642 4405 670 4449 et
688 4390 825 4469 singulis
842 4404 872 4450 et
890 4391 974 4451 circa
998 4410 1032 4451 ea
1044 4410 1052 4464 ;
1144 4409 1179 4449 ac
1204 4409 1277 4469 pro-

50 4506 217 4565 mittentes
241 4507 386 4586 predicto
409 4506 533 4566 sindico
556 4519 587 4566 et
612 4508 819 4586 procuratori
842 4521 872 4566 et
898 4507 996 4567 michi
1015 4507 1198 4586 subscripto
1223 4526 1277 4567 no·

50 4621 145 4691 tari0,
160 4624 292 4682 nomine
315 4639 345 4683 et
364 4627 429 4682 rice
453 4623 615 4682 dictorum
634 4623 844 4682 dominorum
873 4625 1019 4684 Hectoris
1034 4638 1063 4683 et
1081 4622 1278 4704 Capitaneo·
