2850 4776
616 443 685 485 not.
708 443 791 483 run:
819 422 893 501 1289
1310 437 1369 502 217

133 666 238 728 datiis
258 679 290 728 et
313 666 477 730 tholoneis
498 668 672 749 utriusque
694 667 841 730 civitatis
848 688 857 743 ;
879 679 943 728 ete
963 679 1129 736 converso,
1152 664 1240 746 quod
1256 683 1371 726 omnes

133 798 169 844 et
182 781 304 862 singuli
319 782 414 854 cives,
429 785 534 846 incole
555 797 587 845 et
611 783 814 846 habitatores
835 783 1012 846 civitatum
1038 781 1166 843 Verone
1181 795 1214 843 et
1231 781 1370 842 Mantue

134 913 168 960 et
190 897 364 960 cuiuslibet
385 899 543 980 ipsarum,
564 899 706 982 exceptis
740 899 888 962 bannitis
910 919 969 981 pro
992 911 1085 979 parte
1106 896 1283 958 civitatum
1308 897 1370 959 Bo·

136 1015 238 1078 nonie
256 1027 290 1077 et
312 1014 430 1077 Parme
451 1029 484 1077 et
505 1015 678 1087 Cremone,
712 1017 762 1078 vel
795 1015 935 1077 alicuius
958 1015 1104 1096 ipsarum
1127 1013 1315 1085 civitatum,
1337 1030 1369 1078 et

134 1132 239 1196 etiam
258 1131 404 1193 bannitis
426 1131 518 1212 Regii
542 1151 603 1213 pro
626 1129 796 1203 maleficio,
818 1131 876 1213 qui
900 1149 966 1192 non
995 1131 1130 1191 fuerunt
1153 1129 1192 1190 de
1216 1143 1308 1212 parte
1333 1130 1371 1190 il-

89 1234 95 1242 ’
134 1248 246 1309 lorum
268 1247 308 1309 de
330 1248 430 1317 Sesso,
463 1247 564 1309 libere
585 1260 616 1308 et
638 1266 759 1320 secure,
791 1266 866 1309 cum
896 1266 1003 1317 avere,
1036 1246 1133 1308 rebus
1159 1261 1191 1308 et
1215 1245 1370 1327 personis,

134 1363 260 1443 possint
283 1362 338 1434 ire,
362 1383 490 1425 morare
505 1375 536 1424 et
554 1363 658 1425 redire
674 1383 730 1444 per
745 1363 927 1434 civitatem,
950 1363 1158 1425 territorium
1182 1362 1219 1424 ed
1243 1363 1372 1424 distric-

135 1493 211 1541 tum
235 1479 340 1560 Regii,
361 1479 459 1540 salvis
481 1478 634 1560 pedagiis,
655 1479 756 1540 datiis
777 1493 810 1541 et
833 1478 997 1540 tholoneis
1018 1478 1165 1540 civitatis
1187 1477 1292 1559 Regii.

138 1651 146 1666 ‚
218 1595 279 1674 [ll]
304 1596 385 1657 ltem
408 1596 497 1676 quod
524 1595 648 1667 danna,
681 1595 820 1666 robarie‚
850 1594 1005 1656 violentie
1035 1615 1071 1656 ac
1096 1594 1215 1657 offense
1248 1609 1369 1656 cessent

137 1713 309 1794 utrinque.
372 1713 414 1774 Et
436 1711 461 1772 si
483 1732 548 1793 que
572 1712 700 1773 robarie
722 1710 838 1773 fierent
855 1712 905 1773 vel
920 1711 1032 1773 danna
1049 1711 1212 1772 darentur
1234 1730 1290 1791 per
1313 1711 1373 1772 ali·

136 1847 237 1908 quem
259 1828 363 1890 civem
387 1829 438 1890 vel
459 1827 701 1890 districtualem
723 1827 791 1888 sive
811 1827 995 1889 subiectum
1012 1827 1210 1889 Communis
1235 1826 1372 1897 Verone,

138 1945 192 2005 rel
215 1943 412 2006 Communis
434 1944 582 2016 Mantue‚
606 1945 655 2005 vel
679 1963 734 2025 per
757 1945 901 2024 aliquem
936 1944 1112 2005 habentem
1136 1961 1296 2005 accessum
1321 1943 1370 2003 vel

137 2061 284 2122 reditum
308 2080 364 2142 per
381 2061 569 2122 districtum
586 2062 636 2122 vel
653 2061 861 2123 territorium
885 2059 1031 2121 civitatis
1054 2059 1183 2122 Verone
1206 2059 1256 2120 vel
1281 2059 1372 2120 Man·

138 2191 196 2238 tue
219 2175 317 2238 alicui
338 2176 402 2238 civi
426 2177 475 2237 vel
491 2175 690 2238 districtuali
709 2195 763 2237 seu
784 2175 931 2238 subiecto
953 2174 1151 2236 Communis
1171 2187 1202 2236 et
1216 2172 1374 2233 Civitatis

139 2292 247 2374 Regii,
269 2291 459 2354 huiusmodi
493 2293 623 2354 robarie
646 2294 695 2354 vel
719 2293 830 2354 danna
863 2291 1082 2353 emendentur
1114 2304 1145 2352 et
1175 2292 1371 2351 restituatur

137 2410 289 2471 daunum
305 2429 408 2492 passo,
426 2411 475 2472 vel
489 2411 543 2472 cui
560 2409 651 2472 lieret
675 2411 817 2481 robariu,
833 2430 888 2491 per
905 2411 1092 2472 Commune
1107 2410 1195 2471 illius
1216 2409 1372 2478 civitatis,

138 2525 364 2608 predictarum
380 2525 557 2588 civitatum
577 2525 751 2598 Veroneac
771 2527 918 2596 Mantue,
933 2545 988 2608 per
1005 2526 1098 2587 cuius
1113 2525 1229 2595 civem,
1244 2525 1373 2586 distric-

138 2642 276 2712 rualem,
298 2642 348 2703 vel
370 2641 567 2712 subiectum,
588 2661 643 2702 seu
674 2661 730 2722 per
758 2642 851 2702 cuius
873 2642 1061 2702 districtum
1089 2643 1138 2702 vel
1164 2640 1371 2703 territorium

139 2758 270 2819 robarie
291 2758 358 2840 ipse
380 2757 506 2830 fierent,
529 2759 579 2820 vel
602 2759 687 2819 dana
711 2760 883 2829 darentur,
914 2759 999 2820 infra
1023 2758 1211 2840 quindecim
1236 2758 1312 2829 dies,
1335 2777 1372 2816 ex

137 2891 208 2953 quo
229 2872 268 2934 de
290 2872 443 2954 predictis
474 2874 672 2945 constiterit,
704 2876 884 2934 summaria
909 2875 1021 2934 habita
1045 2874 1244 2954 cognitione.
1330 2874 1372 2933 Et

137 3013 154 3052 e
180 3009 346 3064 converso
360 2993 386 3052 si
403 3011 464 3072 que
484 2992 613 3053 robarie
636 2991 751 3054 herent
769 2993 818 3052 vel
834 2993 944 3053 damna
969 2993 1130 3053 darentur
1148 3012 1204 3074 per
1227 2991 1371 3071 aliquem

137 3110 257 3180 civem,
279 3110 328 3170 vel
351 3109 603 3179 districtualem,
623 3113 689 3168 site
711 3110 896 3170 subiectum
928 3109 1089 3169 Comunis
1115 3108 1220 3189 Regij,
1243 3109 1293 3168 rel
1317 3127 1373 3186 per

136 3227 286 3307 aliquem
308 3225 486 3288 habentem
509 3245 669 3287 aceessum
694 3228 744 3287 vel
768 3227 910 3287 reditum
945 3247 1000 3307 per
1023 3227 1211 3286 districtum
1237 3224 1286 3285 vel
1311 3240 1374 3286 ter·

139 3342 296 3403 ritorium
319 3343 465 3404 civitatis
488 3343 592 3424 Regij,
625 3343 723 3403 alicui
747 3343 810 3403 civi
836 3345 884 3403 vel
909 3343 1108 3403 districtuali
1141 3361 1196 3400 seu
1226 3341 1374 3400 subiecto

138 3457 318 3519 civitatum
341 3459 564 3539 predictarum
599 3458 727 3520 Verone
750 3475 780 3520 et
806 3461 955 3542 llantue,
979 3460 1027 3518 vel
1052 3458 1192 3518 alicuius
1216 3459 1374 3536 ipsarum,

140 3572 333 3633 huiusmodi
355 3573 485 3634 robarie
508 3574 558 3634 vel
581 3573 691 3633 ‹lannu
709 3574 926 3634 emendentur
949 3588 977 3633 et
1004 3575 1198 3632 restituatur
1221 3570 1370 3630 dannum

141 3703 246 3765 passo,
266 3685 315 3745 vel
330 3685 383 3745 cui
407 3683 496 3746 lieret
516 3684 658 3754 robaria,
675 3705 729 3765 per
747 3684 933 3746 Commune
957 3684 1048 3763 Regii
1075 3683 1160 3743 inl'ru
1184 3681 1374 3761 quindecim

139 3801 210 3860 dies
232 3819 268 3859 ex
292 3800 418 3879 quode
442 3799 600 3881 predectis
622 3800 817 3870 constiterit,
840 3800 1021 3859 summaria
1046 3799 1158 3859 habitu
1176 3797 1374 3879 cognitione.

223 3914 299 3994 [lll]
324 3915 404 3975 Item
429 3917 515 3975 inter
537 3935 568 3975 se
592 3915 731 3974 uicissim
759 3915 904 3974 lecerunt
939 3914 1048 3984 linem,
1072 3916 1305 3981 remissionem,
1329 3932 1376 3972 re-

140 4033 340 4095 futationem
361 4048 392 4092 et
410 4047 542 4112 pactum
560 4032 598 4092 de
616 4052 680 4091 uon
702 4032 841 4111 petendo
866 4030 1004 4091 ulterius
1026 4031 1064 4090 de
1087 4029 1241 4089 omnibus
1263 4043 1294 4088 et
1311 4029 1376 4087 sin-

137 4153 226 4235 gulis
247 4150 375 4220 dennis,
397 4148 631 4210 offensionibus·
653 4165 684 4208 et
710 4148 840 4208 iniuriis
863 4148 939 4207 hinc
964 4147 1039 4206 inde
1062 4147 1174 4206 illatis.

222 4267 296 4346 [tv]
322 4267 401 4328 ltem
426 4267 615 4335 voluerunt,
647 4280 875 4325 convenerunt
899 4280 928 4324 et
952 4277 1144 4323 statuerunt
1169 4264 1254 4322 inter
1277 4283 1308 4321 se
1333 4262 1375 4318 ri-

136 4386 259 4454 cissim,
280 4383 369 4464 quod
391 4402 503 4443 omnes
518 4396 548 4442 et
563 4383 685 4462 singuli
702 4382 825 4460 captiui
852 4383 927 4440 hine
951 4381 1027 4440 inde
1050 4381 1150 4440 libere
1174 4381 1364 4439 relaxentur

222 4498 280 4578 [V]
305 4498 385 4559 ltem
409 4497 496 4576 quod
522 4499 604 4557 veris
626 4512 657 4558 et
679 4498 846 4558 continuis
878 4497 1005 4556 civibus
1030 4495 1120 4575 Regii
1145 4495 1375 4560 dimittuntur,

135 4615 360 4698 expediantur
383 4627 413 4674 et
438 4615 658 4675 restituuntur
682 4635 795 4674 omnes
819 4614 1038 4693 possessiones,
1055 4632 1136 4692 quus
1160 4611 1318 4670 haherent
1343 4610 1374 4666 in
