2874 4748
607 437 677 480 noe.
701 437 796 479 Lxrv:
822 436 897 497 1299
1322 419 1378 480 303

147 653 280 727 (Ltlaoeo
307 651 455 733 Visconti)
485 655 640 733 Capitone
656 655 692 713 di
705 654 841 724 Milano,
865 655 897 714 la
920 655 1013 732 quale
1028 656 1150 716 riserna
1173 656 1305 735 depende
1327 659 1383 717 dal

138 782 225 860 satio
247 781 300 841 che
322 783 385 840 essi
398 800 471 840 sono
487 783 520 840 in
536 782 684 840 amr'ciaia
694 781 781 840 ‘collo
804 780 977 858 Scalzgrero.
1068 781 1117 841 Lo
1132 788 1224 842 stesso
1239 784 1326 842 erasi
1339 784 1381 841 ri-

146 895 247 969 sposlo
262 909 283 947 a
302 888 510 967 Mansredino
533 885 712 967 (Beccarzie)
736 907 752 948 e
774 889 810 947 al
836 887 975 948 Cornune
990 888 1027 946 di
1042 888 1157 948 Pania.
1256 889 1383 948 Tranne

147 1018 252 1086 questo
275 1029 352 1080 caso,
377 1027 450 1069 sono
467 1010 580 1086 pronti
600 1028 621 1066 a
644 1007 803 1086 discredere
827 1011 841 1067 i
861 1009 1098 1086 Bergamasclzz'.
1214 1011 1380 1082 Alantone,

148 1153 188 1214 17
212 1136 354 1212 nzaggn.

231 1378 290 1438 Die
310 1378 439 1439 sabbati
462 1398 518 1438 xvs
540 1375 630 1456 maij.

230 1494 429 1556 Convocatis
451 1509 482 1556 et
506 1494 627 1555 habitis
650 1493 861 1574 Sapientibus
886 1491 1102 1574 infrascriptis
1126 1513 1180 1574 per
1203 1491 1377 1582 dominum

148 1611 383 1692 Capitonem,
405 1611 437 1672 in
462 1611 530 1672 eius
553 1611 661 1680 domo,
684 1623 832 1692 presente
854 1610 990 1671 domino
1006 1609 1137 1691 Tagino
1152 1623 1183 1671 et
1202 1610 1301 1671 etiam
1325 1609 1381 1670 do-

149 1728 241 1790 mino
265 1727 464 1798 Schenardo,

232 1843 382 1904 videlicet
406 1843 548 1903 dominis

391 2064 494 2126 Sadeo
517 2065 555 2124 de
578 2063 778 2146 Pigognagia
802 2071 850 2138 (a)

393 2181 518 2242 Facino
541 2180 699 2260 Brugnoli

394 2298 532 2360 Gerlino
553 2296 680 2358 domini
704 2296 935 2377 Compagnoui

393 2485 581 2547 Domafollo
604 2486 642 2545 de
669 2485 819 2546 Tribulis

393 2602 577 2663 Zaneberio
600 2587 637 2662 de
661 2601 867 2682 Tridapaleis

393 2720 667 2781 Bonuventurino
690 2720 727 2779 de
751 2719 902 2779 Soldanis

392 2909 621 2990 Palavignono
645 2913 764 2969 Amare

396 3092 606 3152 Manfredino
629 3093 667 3151 de
690 3094 856 3153 Axandris

394 3209 567 3286 Bullacino
589 3210 626 3269 cle
650 3209 855 3271 Cremaschis
913 3215 917 3226 '

394 3326 548 3387 Montino
571 3328 609 3386 de
632 3327 750 3401 Spallis
771 3328 828 3400 (b).

236 3546 341 3608 Lectis
362 3548 482 3609 litteris
504 3549 664 3609 Comunis
688 3549 838 3628 Pergami
863 3549 960 3608 huius
983 3551 1114 3610 tenoris.
1201 3551 1385 3632 Magnificls

153 3673 185 3719 et
208 3660 399 3740 potentibus
422 3661 501 3720 viris
522 3662 665 3722 dominis
684 3661 881 3722 Burdellono
897 3663 1040 3742 generali
1066 3662 1250 3743 Capitaneo
1266 3680 1295 3724 et
1320 3664 1386 3725 Ta-

153 3776 233 3856 gino
244 3775 283 3836 de
297 3775 483 3837 Bonacolsis
495 3777 533 3837 de
549 3777 700 3848 Mantua,
714 3777 894 3837 altricisimo
907 3778 1049 3838 dominis
1065 3777 1247 3838 carissimis.
1331 3779 1355 3838 F
1359 3800 1386 3839 e-

154 3893 268 3954 dercus
287 3893 460 3969 Ponconus
475 3899 519 3966 (c)
535 3909 676 3972 potestas
693 3894 894 3964 comunis...
912 3894 1051 3954 Antiani
1069 3895 1198 3974 Populi,
1215 3895 1384 3974 Sapientes

155 4007 353 4090 presidentes
367 4008 504 4088 negotiis
517 4007 687 4078 Comuniu
706 4009 890 4069 Consilium
912 4025 942 4070 et
960 4009 1110 4070 Comuue
1126 4009 1285 4088 Pergami,
1300 4010 1386 4068 salu-

155 4138 220 4185 tem
243 4136 274 4184 et
290 4122 412 4184 amoris
430 4125 788 4203 perpetuicontimrum
814 4124 1067 4185 incrementum.
1134 4125 1317 4184 Discretum
1343 4125 1387 4182 ui-

156 4259 232 4301 rum
247 4239 419 4300 dominum
441 4239 530 4300 Lafr.
547 4240 584 4301 dc
602 4241 719 4301 Crotto
736 4242 984 4303 anibaxatorem
1003 4256 1151 4302 nostrum
1168 4242 1325 4302 dilectum
1344 4241 1384 4301 ad

156 4355 436 4436 magnificentiam
460 4370 491 4416 et
515 4356 694 4415 :insititiam
722 4373 861 4416 vestram
886 4358 1041 4417 duximus
1065 4357 1308 4422 destinamlum.
1332 4357 1384 4415 cui

210 4605 246 4658 (n)
261 4609 279 4648 A
295 4607 363 4659 Pigog
405 4609 495 4660 (6)Νεί
510 4623 548 4648 ηις.
566 4609 1037 4660 prusti»inurinowalili-nimiastpronao
1052 4611 1141 4649 calonne
1186 4608 1385 4660 (c).›ll‘01r;0uu:n
