2850 4776
407 442 576 483 nELazrosr
601 444 660 482 Fan
685 443 811 483 VERONA
836 443 854 482 E
879 443 1029 483 nstsTova

175 655 235 717 Die
257 659 339 716 iovis
362 655 547 738 penultimo
575 669 716 716 exeunte
746 656 952 735 dece[m]bri‚
974 656 1007 717 in
1032 656 1194 737 presentia
1218 657 1330 718 dorni-

94 790 214 832 norum
238 770 413 833 Guiscardi
436 771 475 831 de
498 771 664 840 Tebaldis,
688 771 886 833 Gandulfini
909 772 1049 834 condam
1073 773 1200 833 domini
1223 773 1326 856 §doti

93 886 227 965 notarii,
250 887 404 948 Aneboni
428 886 485 964 filij
510 886 636 947 domini
660 887 772 958 Soani,
795 887 979 967 Osbergerij
1003 903 1034 948 et
1058 889 1328 950 Bonaventurini

94 1003 272 1064 Ferabovis
296 1004 334 1063 de
357 1003 559 1078 Carecedulo
588 1003 725 1063 testibus
748 1005 869 1083 rogatis
891 1020 921 1065 et
945 1005 1027 1083 aliis.
1134 1005 1170 1065 ln
1194 1005 1330 1067 civitate

94 1120 197 1182 veteri
222 1121 380 1192 Mantue,
402 1121 436 1180 in
461 1120 565 1180 andeo
595 1121 682 1200 quod
713 1136 758 1182 est
783 1121 869 1182 inter
892 1122 1005 1182 domos
1032 1121 1159 1183 domini
1183 1122 1330 1205 §oanni-

96 1237 140 1297 ni.
225 1236 339 1316 Ibique
361 1237 539 1317 Jacopinus
567 1235 654 1296 filius
683 1236 823 1297 condam
846 1237 973 1297 domini
999 1237 1156 1298 Iohannis
1184 1236 1271 1299 Gate
1293 1237 1332 1296 de

97 1352 196 1422 Bosis,
218 1353 276 1433 qui
293 1353 509 1413 renunciavit
533 1352 718 1432 exceptioni
743 1372 809 1412 non
834 1368 1005 1414 numerate
1028 1368 1059 1414 et
1083 1367 1213 1433 accepte
1236 1373 1331 1434 pecn-

97 1469 150 1527 nie
171 1481 202 1529 et
227 1487 292 1528 non
317 1468 432 1528 traditi
455 1482 486 1528 et
510 1468 633 1547 accepti
657 1467 766 1548 precii,
782 1483 958 1529 contentus
980 1481 1011 1529 et
1034 1468 1197 1528 confessus
1221 1467 1284 1529 suit
1301 1489 1332 1528 se

97 1585 231 1645 nornine
254 1585 456 1645 vendicionis
478 1601 508 1645 et
533 1584 619 1645 finiti
644 1585 741 1665 precii
767 1586 922 1666 accepisse
943 1600 975 1646 et
996 1585 1145 1645 habuisse
1168 1587 1333 1666 quinqua·

96 1699 189 1778 ginta
205 1700 305 1760 libras
328 1714 528 1761 mantuanas
544 1720 723 1780 parvorum
740 1721 757 1760 a
774 1700 910 1760 domino
928 1700 1081 1769 Berardo,
1101 1700 1168 1762 filio
1189 1701 1329 1761 condam

96 1816 223 1877 domini
247 1812 391 1898 (oanini
414 1818 453 1878 de
477 1817 673 1886 Bonacoisis‚
695 1818 794 1878 dante
816 1831 847 1878 et
863 1817 1010 1877 solvente
1026 1838 1085 1898 pro
1106 1838 1137 1877 se
1159 1831 1191 1877 et
1216 1819 1332 1877 siccet

98 1933 231 1993 nomine
253 1934 468 1994 dominorum
494 1934 667 2003 Botexcile,
690 1934 853 1994 Passenni
878 1949 908 1995 et
935 1934 1085 1994 Botironi
1107 1953 1244 1993 suorum
1270 1933 1330 1993 sra-

98 2064 199 2118 tram,
223 2068 283 2128 pro
305 2050 426 2129 quibus
449 2049 592 2125 denariis
615 2065 645 2110 et
669 2071 736 2128 qno
760 2051 867 2131 precio
889 2051 995 2110 dictus
1021 2049 1175 2109 dontinus
1197 2049 1333 2129 Jacopi-

100 2186 161 2225 nns
184 2186 238 2246 per
261 2187 292 2226 se
314 2186 452 2246 suosque
476 2168 607 2226 heredes
629 2167 777 2227 vendidit
801 2181 831 2226 et
856 2167 992 2227 tradidit
1027 2166 1174 2246 predicto
1196 2165 1332 2225 dornino

101 2282 245 2342 Berardo
269 2302 327 2363 pro
349 2304 380 2341 se
402 2297 433 2342 et
456 2285 521 2341 suis
545 2283 717 2343 heredibus
739 2297 769 2343 et
795 2284 952 2343 iratribus
967 2284 1032 2342 suis
1055 2281 1216 2362 predictis,
1231 2282 1333 2341 infra-

98 2398 236 2477 scriptas
258 2410 360 2458 terras
383 2410 413 2457 et
434 2398 653 2476 possessiones,
678 2398 826 2458 videlicet
852 2418 953 2458 urrant
977 2398 1101 2477 peciarn
1126 2412 1211 2458 terre
1279 2407 1329 2471 (a)

99 2514 259 2575 iacentem
283 2515 316 2573 in
340 2514 509 2574 territorio
533 2514 746 2593 Vilinrpente,
770 2515 861 2574 iuxta
887 2514 1017 2574 heredes
1040 2514 1177 2573 condant
1202 2513 1330 2573 domini

100 2628 242 2703 Fruconi
267 2629 305 2687 de
538 2631 602 2707 (a);
625 2629 666 2688 ab
690 2649 756 2688 nno
773 2631 840 2689 lato
864 2629 994 2689 heredes
1014 2629 1140 2688 domini
1166 2628 1329 2688 Advocati

98 2745 136 2804 de
155 2745 369 2825 Viiinrpenta
386 2766 402 2804 a
420 2745 548 2803 dnoinrs
571 2746 738 2813 lateribus,
754 2760 784 2805 et
803 2746 941 2817 Grecarn
967 2766 982 2804 a
1007 2759 1128 2825 qrrarto
1157 2746 1275 2818 iatere;
1299 2761 1330 2805 et

98 2876 143 2920 est
177 2862 263 2920 dicta
299 2861 385 2939 pccia
418 2877 513 2929 terre,
543 2865 698 2932 aratoria,
729 2862 869 2941 prativa,
896 2862 999 2941 vigra,
1030 2862 1186 2941 paludiva
1217 2875 1247 2921 et
1277 2863 1332 2920 bo-

98 2978 220 3045 sclriva,
236 2993 267 3036 et
289 2977 423 3036 feudum
448 2978 680 3037 honoritiicnnr
707 2978 894 3056 monasterij
919 2979 1022 3037 sancti
1047 2978 1189 3036 Zenonis
1212 2977 1250 3036 de
1274 2977 1334 3038 Ve-

100 3113 191 3151 rona.
278 3093 358 3152 Item
384 3113 483 3152 unann
508 3095 605 3154 aliani
632 3097 753 3173 peciam
781 3110 865 3154 terre
888 3095 1040 3153 cassalire
1063 3128 1101 3138 -

186 3208 332 3268 Omissis.

184 3406 217 3463 ln
245 3405 274 3462 ,n
294 3423 300 3435 ·
317 3404 373 3463 CC
391 3425 396 3436 ·
416 3425 572 3472 exstent,
596 3407 760 3467 indicione
783 3407 934 3467 scctnnia.

180 3593 225 3661 (ὃ.
249 3591 303 3662 Τ.)
328 3592 396 3669 Ego
418 3592 580 3660 Nicolaitis,
606 3594 690 3652 tilius
723 3596 891 3671 qnoniam
925 3596 1050 3655 dornini
1081 3597 1270 3658 Hornoboni
1296 3602 1334 3659 de

103 3708 199 3777 Dacc,
221 3709 300 3765 sacri
328 3708 443 3786 palacii
470 3712 636 3774 matarius.
662 3711 745 3771 itanc
777 3714 1024 3773 abreviaturarn
1056 3716 1087 3773 in
1112 3717 1334 3776 abres'iaturis

100 3825 176 3883 dicti
203 3826 263 3884 nrei
290 3826 390 3903 patris
425 3827 535 3887 inseni
560 3845 590 3886 ct
615 3845 650 3887 nt
676 3830 706 3887 in
733 3851 767 3888 ea
793 3831 1027 3889 continelnrtar
1051 3831 1095 3890 ita
1122 3831 1172 3890 iric
1205 3833 1332 3912 scripsi,

102 3941 144 3999 nil
171 3941 291 3999 addc-ns
316 3942 362 4000 sel
389 3943 551 4013 rninnens,
574 3945 660 4021 atiani
685 3966 812 4004 sensnm
840 3947 886 4004 sci
911 3948 1108 4005 sententiam
1133 3962 1249 4016 rnntet,
1267 3968 1334 4027 pre·

100 4074 148 4116 ter
173 4058 256 4116 torte
283 4058 314 4116 in
339 4061 573 4137 cornpositionc
597 4062 762 4121 ditionnrn
789 4063 836 4119 rei
860 4063 1052 4131 siiabartnn,
1075 4085 1110 4121 es
1140 4083 1203 4141 qna
1231 4065 1333 4125 etiant

102 4175 190 4231 nnlla
215 4176 377 4234 sententia
395 4197 448 4234 sen
472 4199 581 4236 sensas
600 4193 759 4247 ineantur,
778 4178 915 4237 fideliter
940 4179 971 4237 in
999 4181 1163 4257 publicant
1191 4178 1332 4240 formant

101 4293 159 4347 snb
184 4311 254 4349 rnen
277 4293 369 4367 signo
404 4295 528 4362 reduxi,
565 4295 675 4353 [annea
700 4316 796 4374 snper
822 4296 879 4353 ina·
904 4312 933 4354 et
957 4296 1119 4354 similibus
1155 4297 1288 4357 licentia
1314 4320 1329 4356 a

100 4407 236 4456 rir'tmittrt
263 4407 377 4456 iizttliir¹
401 4410 437 4456 rit·
462 4413 580 4456 (ason-1
618 4426 792 4456 rnrrvctnrn'
814 4412 948 4456 iivrnrnn
971 4427 1001 4456 nt
1028 4434 1039 4456 :r
1067 4413 1219 4456 iloni-onii
1246 4413 1336 4456 i'nv.
