2858 4792
61 496 114 556 150
357 516 526 556 nerrztom
550 518 609 557 raa
632 516 761 557 rvr-:noxa
784 518 802 556 a
827 518 978 559 innrova

53 728 148 790 annis
163 728 196 789 in
214 749 250 790 za
267 748 326 810 pro
348 748 405 790 sua
428 745 520 792 curte
544 748 603 811 pro
624 729 848 810 suprascripto
871 733 1073 792 monasterio
1092 731 1281 793 habuerunt

52 858 83 907 et
105 858 295 917 tenuerunt,
324 846 380 906 illa
413 843 574 908 discordia
597 847 693 907 debet
715 868 778 908 esse
801 848 835 909 in
859 848 1032 910 ellectione
1059 848 1200 909 duorum
1225 847 1283 908 ho-

53 963 182 1023 minum
205 961 244 1022 de
267 962 426 1024 Moratica
449 978 480 1025 et
503 962 646 1025 duorum
670 963 709 1024 de
740 964 987 1047 Villempincta‚
1016 966 1056 1027 ad
1084 967 1174 1026 illam
1198 966 1283 1026 diffi-

55 1075 207 1136 niendam
225 1091 256 1137 et
272 1077 306 1138 in
328 1098 442 1139 eorum
459 1078 600 1139 arbitrio
621 1092 718 1139 stare.
800 1080 952 1141 Preterea
976 1081 1084 1142 dictus
1107 1082 1283 1142 Anselmus

54 1191 93 1252 ad
109 1183 220 1253 sancta
246 1193 305 1254 Dei
321 1194 502 1274 Evangelia
519 1194 719 1255 monasterio
737 1195 842 1256 sancti
866 1195 1008 1257 Zenonis
1023 1210 1054 1258 et
1069 1197 1174 1257 sancti
1191 1196 1281 1256 Petri

53 1328 89 1369 ac
112 1309 258 1391 predicto
280 1309 415 1369 domino
437 1310 528 1370 abati
544 1309 735 1371 fidelitatem
751 1326 958 1373 sacramento
979 1311 1196 1392 corporaliter
1212 1332 1283 1392 pre-

53 1427 132 1485 stito
153 1425 288 1494 iuravit,
311 1424 467 1486 fidelitate
500 1425 706 1486 anteriorum
739 1446 875 1488 suorum
909 1427 1122 1489 dominorum
1146 1440 1282 1507 antepo-

53 1541 124 1601 sita.
208 1543 250 1602 Et
273 1543 361 1622 quod
378 1542 585 1602 nullomodo
608 1542 790 1622 predictam
808 1543 1017 1604 medietatem
1045 1543 1188 1624 predicte
1210 1562 1283 1603 cur-

53 1657 104 1729 tis,
128 1677 231 1738 neque
254 1673 392 1739 partem,
414 1672 452 1717 ut
474 1657 701 1738 supradictum
732 1672 788 1727 est,
811 1659 981 1728 alienabit,
1010 1658 1036 1717 si
1063 1658 1149 1719 Deus
1170 1672 1201 1718 et
1224 1658 1281 1718 illa

52 1788 163 1834 sancta
188 1773 246 1835 Dei
270 1774 449 1853 Evangelia
473 1794 547 1835 eum
572 1774 742 1844 adiuvent,
764 1788 795 1834 et
817 1775 868 1833 sui
892 1773 1023 1835 heredes
1048 1774 1183 1835 masculi
1207 1793 1283 1834 ean-

53 1889 125 1950 dem
148 1888 341 1951 fidelitatem
365 1890 468 1950 iacere
497 1889 637 1951 debeant
660 1904 775 1950 contra
799 1909 911 1949 omnes
935 1888 1093 1958 homines,
1123 1888 1283 1949 fidelitate

53 2003 180 2064 domini
203 2004 410 2085 imperatoris
426 2004 622 2084 anteposita.
705 2005 747 2064 Et
763 2005 851 2084 quod
876 2004 968 2064 nullo
986 2003 1083 2065 modo
1099 2002 1283 2085 predictam

54 2120 262 2180 medietatem
276 2119 541 2200 predictecnrtia
559 2140 663 2199 neque
687 2133 824 2198 partem,
842 2134 877 2179 tit
894 2119 1020 2179 dietum
1044 2133 1089 2179 est
1114 2117 1284 2185 alienabit,

53 2234 78 2294 si
98 2235 183 2296 Deus
198 2250 228 2296 et
246 2236 300 2296 illa
316 2235 420 2296 saneti
446 2234 504 2295 Dei
528 2235 708 2315 Evangelia
725 2255 801 2296 enm
824 2234 992 2294 adiuvent.
1075 2235 1117 2294 Et
1135 2233 1203 2293 eius
1229 2232 1284 2293 he-

58 2352 146 2412 redes
167 2352 304 2413 masculi
336 2352 455 2412 debent
488 2352 624 2411 eandem
659 2349 851 2410 fidelitatem
877 2351 989 2410 faeere.
1095 2348 1141 2409 De
1163 2347 1285 2428 quibus

55 2487 172 2547 penam
205 2468 291 2528 inter
312 2487 344 2526 se
367 2482 558 2547 posuerunt,
592 2481 628 2526 ut
661 2467 718 2547 qni
749 2487 784 2525 ex
813 2466 888 2545 ipsis
921 2464 1195 2524 contrahentibus
1225 2478 1284 2523 aut

53 2602 167 2642 eorum
200 2583 435 2643 successoribus
467 2584 516 2643 vel
551 2583 724 2643 heredibus
751 2582 789 2642 de
811 2581 1034 2661 suprascripto
1068 2595 1162 2659 pacto
1195 2582 1285 2640 exire

53 2699 275 2779 temptaverit,
298 2699 347 2758 vel
368 2700 393 2758 si
417 2700 481 2758 alia
513 2699 764 2780 superimposita
799 2699 884 2758 inter
908 2719 938 2757 se
964 2697 1108 2767 fecerint,
1134 2711 1165 2755 et
1190 2695 1223 2755 in
1246 2717 1283 2756 ea

53 2817 164 2873 omnia
186 2834 249 2894 que
271 2815 458 2894 supradicta
482 2830 560 2875 sunt
585 2835 650 2875 non
675 2816 925 2896 permanserint,
954 2814 1005 2873 tel
1027 2814 1051 2872 si
1082 2812 1194 2873 tollere
1225 2827 1284 2874 aut

52 2930 219 2989 dimittere
243 2931 420 3000 voluerint,
452 2946 531 2991 tune
561 2930 793 3009 obligaverunt
829 2932 916 2991 inter
939 2949 970 2988 se
993 2947 1187 3008 componere
1211 2948 1287 3008 pars

54 3046 139 3125 parti
164 3059 297 3125 pactum
319 3048 476 3116 servanti,
500 3067 616 3126 penam
641 3062 772 3107 centnm
805 3047 966 3106 librarum
994 3044 1207 3105 denariorum
1233 3065 1287 3104 re-

55 3163 242 3221 ronensium
256 3182 263 3234 3
287 3182 367 3241 pena
394 3183 469 3223 vero
491 3164 597 3223 solnta
623 3162 655 3222 in
679 3163 901 3242 suprascripto
926 3176 1020 3240 paeto
1048 3175 1133 3221 stare
1156 3161 1288 3221 debent.

133 3373 232 3428 Anno
266 3368 399 3428 Domini
435 3368 609 3475 millesimo
647 3369 871 3429 ducentesimo
906 3365 1275 3448 septintgessintotercm,

53 3485 159 3565 prima
187 3484 359 3546 indicione.

131 3689 212 3749 EGO
237 3689 485 3749 Bertholomeua
508 3690 545 3747 de
571 3689 659 3748 Botis
682 3689 719 3747 de
744 3688 885 3748 Hostilia
911 3689 973 3747 hiis
996 3707 1123 3767 presens
1148 3686 1207 3753 ini,
1233 3705 1286 3745 ro-
