2858 4792
619 453 688 495 noe.
711 453 808 494 xciv:
836 451 908 514 1272
1321 429 1375 508 143

141 667 237 726 ribus
259 683 368 740 erunt,
390 668 506 729 debeat
531 666 668 730 tercium
691 665 808 747 eligere
830 664 868 727 de
891 666 1027 728 civitate
1057 667 1197 729 Mantua
1219 668 1245 730 si
1268 665 1377 747 cogni·

139 783 195 844 cio
209 789 260 857 (α)
278 784 340 845 erit
356 784 406 845 vel
429 783 484 846 fiet
499 784 533 845 in
557 783 699 854 Verona,
714 802 752 844 eo
767 795 915 863 ternpore
936 802 1003 864 quo
1017 783 1153 864 Sapiens
1174 784 1248 866 eligi
1272 784 1378 847 debet.

225 898 353 979 [XVII]
377 900 459 962 Item
475 900 500 962 si
517 900 628 981 aliqua
646 899 843 962 universitas
865 897 965 961 fuerit
987 899 1229 982 condempnata
1253 921 1309 984 per
1328 922 1378 963 ar·

142 1016 252 1076 birros
274 1016 323 1076 vel
347 1034 399 1077 eos
421 1015 542 1096 quibus
556 1015 603 1090 (b)
625 987 860 1087 commiserint,
876 1015 916 1076 ad
934 1015 1130 1078 solvendum
1153 1017 1301 1096 aliquam
1325 1036 1378 1098 pe-

140 1133 244 1194 cunie
260 1138 306 1207 (c)
321 1131 557 1214 quantitatem,
571 1132 660 1214 quod
676 1131 824 1194 homines
839 1147 871 1194 et
887 1151 1023 1214 persone
1044 1132 1129 1195 dicte
1151 1133 1380 1195 universitatis

144 1249 338 1310 habitantes
361 1249 394 1313 in
418 1263 517 1320 terra,
531 1248 587 1310 ubi
604 1262 650 1310 est
666 1248 753 1310 dicta
777 1219 984 1322 universitas,
1005 1249 1187 1312 iubeantur
1211 1248 1314 1311 facere.
1330 1269 1378 1300 ar·

142 1369 244 1427 cham
268 1365 318 1426 vel
341 1365 578 1428 collectam...
602 1365 651 1439 (d)
673 1363 760 1426 infra
783 1385 849 1426 ·x·
871 1365 939 1426 dies
962 1385 1000 1428 ex
1017 1385 1082 1447 qua
1099 1354 1290 1448 preceptum

142 1498 175 1544 et
202 1480 290 1544 infra
313 1482 394 1543 alios
416 1501 504 1542 ·xv·
526 1459 651 1544 solvere
671 1502 730 1563 pro
752 1481 864 1544 debito
886 1482 1223 1564 condempn[a]tionis
1235 1489 1301 1558 (e),
1332 1503 1352 1543 s«

142 1600 217 1660 lum
242 1599 348 1661 multa
365 1597 501 1660 inducta
514 1596 582 1681 (f),
604 1597 708 1678 captis
723 1597 917 1679 pignoribus
939 1612 970 1660 et
993 1600 1139 1680 personis
1160 1599 1300 1661 detentis
1309 1619 1317 1674 ;

142 1735 211 1796 que
234 1713 421 1776 faciendum
444 1714 591 1776 Potestas
613 1728 644 1776 et
668 1713 865 1785 Commune,
888 1715 923 1776 in
945 1716 1039 1776 cuius
1060 1718 1123 1778 erit
1146 1715 1339 1790 territorio(

142 1834 216 1911 ipsa
239 1829 447 1902 universitas,
469 1829 546 1891 dare
567 1845 598 1891 et
622 1843 766 1911 prestare
787 1830 904 1891 debeat
928 1831 1092 1892 auxilium
1114 1847 1146 1893 et
1171 1831 1315 1893 favorem

144 1946 358 2007 voluntatem
381 1945 598 2015 arbitrorum,
620 1946 671 2006 vel
690 1945 957 2024 cognoscentium
977 1946 1016 2008 de
1039 1947 1142 2008 causis
1164 1966 1224 2027 pro
1246 1947 1300 2007 eis.

231 2060 375 2142 [XVlll]
393 2061 474 2123 ltem
488 2061 576 2142 quod
589 2060 669 2123 dicti
684 2061 814 2132 arbitri,
830 2062 880 2122 vel
896 2061 1017 2142 quibus
1033 2061 1233 2132 comiserint,
1249 2076 1360 2124 tenear

143 2193 215 2249 tur,
239 2176 327 2238 infra
348 2176 429 2238 duos
457 2197 581 2238 menses
603 2198 620 2237 a
646 2177 723 2239 festa
746 2177 851 2238 sancti
876 2177 1066 2252 Andrea(r)
1096 2178 1255 2248 inantea,
1279 2176 1345 2238 face

142 2295 231 2357 solvi
255 2294 290 2355 in
312 2293 450 2375 pecunia
468 2302 648 2354 'numerata
679 2292 815 2355 domino
845 2293 1021 2374 Raynaldo
1043 2293 1082 2354 de
1107 2293 1191 2374 Ripa
1216 2313 1318 2373 usque

142 2411 375 2494 quantitatem
398 2409 437 2471 de
459 2429 523 2490 qua
541 2408 595 2470 fiet
612 2409 737 2471 mentio
762 2411 795 2470 in
813 2409 1044 2471 instrumentis
1065 2412 1177 2470 suiset
1200 2408 1319 2469 securi

144 2529 293 2591 formam
317 2527 462 2608 ipsorum
478 2526 737 2588 instrumentum
762 2525 924 2588 factorum
948 2526 1116 2588 occasione
1140 2539 1276 2607 potestat

142 2646 421 2715 extrinsecorum,
443 2643 494 2703 vel
516 2642 594 2703 dare
617 2642 650 2703 in
673 2643 819 2704 solutum
843 2657 874 2704 et
897 2644 936 2704 de
959 2644 1052 2703 bonis
1076 2661 1201 2714 eorum,
1223 2642 1280 2722 qui

142 2757 289 2838 obligati
307 2756 340 2817 in
360 2755 483 2834 dicti[s]
505 2755 746 2826 instrumentis,
763 2757 812 2816 vel
830 2757 978 2828 alicuius,
997 2756 1047 2815 vel
1071 2754 1252 2835 aliquorun

143 2894 237 2936 rum.
320 2873 362 2933 Et
381 2872 469 2952 quod
489 2871 569 2932 dicti
592 2872 721 2943 arbitri,
737 2873 785 2932 vel
802 2873 923 2952 quibus
937 2871 1126 2932 comiserint
1148 2891 1244 2951 super
1261 2892 1296 2952 pr

143 2989 190 3050 tis
209 2988 258 3048 vel
274 2990 440 3048 occasione
465 3005 578 3048 eorum
600 2987 818 3065 [statuerint],
841 3005 980 3047 comune
1004 2987 1133 3048 Verone
1159 2999 1305 3048 teneatur

142 3123 280 3168 servare
301 3117 332 3164 et
354 3102 539 3164 executioni
563 3103 721 3163 mandare
743 3116 774 3163 et
797 3102 967 3162 defendere
990 3117 1020 3163 et
1043 3123 1234 3164 conservare
1256 3103 1282 3140 Μ’

233 3219 342 3299 [XIX]
367 3218 447 3280 Item
470 3219 559 3300 quod
582 3218 755 3295 arbiter(l)
780 3217 987 3288 Veronensis,
1004 3219 1054 3279 vel
1071 3219 1123 3278 cui
1147 3221 1228 3278 comi

143 3357 238 3400 unus
270 3334 308 3395 de
341 3335 491 3397 notarius
513 3334 643 3396 Verone
677 3334 716 3394 ad
741 3333 801 3394 boc
824 3337 943 3395 electus
971 3356 1026 3415 per
1057 3336 1220 3396 arbitrr*-

145 3471 237 3526 tum,
261 3453 310 3513 vel
326 3453 377 3514 cui
393 3443 568 3522 comiserit,
584 3451 700 3512 debeat
718 3465 804 3512 stare
822 3452 958 3512 Mantue
977 3473 1051 3513 cum
1069 3455 1172 3514 arbitr

144 3585 219 3639 tue,
236 3568 286 3628 vel
302 3587 338 3629 eo
350 3567 402 3628 cai
425 3567 599 3639 comiserit,
612 3586 686 3627 cum
703 3567 842 3628 notariis
866 3568 1003 3628 blantue
1023 3568 1061 3628 ad
1079 3568 1140 3628 hoc
1155 3590 1170 3612 e

143 3683 279 3769 palacio
295 3703 382 3745 novo
396 3683 592 3744 Communis
609 3684 757 3755 Mentire,
774 3704 780 3716 ·
798 3705 814 3744 x
833 3704 840 3716 ·
857 3684 969 3744 diebus
985 3685 1118 3743 omnib·

141 3803 251 3871 sibus,
267 3799 418 3861 habendo
441 3799 564 3860 arbiter
582 3799 711 3859 Verane
730 3800 780 3858 vel
795 3801 847 3858 cui
866 3799 1020 3858 comiseri‘

143 3917 365 3981 ambaxatam
389 3936 406 3976 a
430 3915 611 3975 Communi
635 3916 772 3985 Verone,
796 3930 831 3974 ut
852 3915 906 3994 alij
933 3916 1020 3974 ambr

1008 4031 1018 4044 ,a

144 4031 310 4096 reddendi
323 4031 395 4092 iura
407 4031 542 4092 cuilibet
553 4046 583 4092 et
598 4031 798 4092 terminandi
812 4031 988 4090 secondum

209 4241 392 4296 (a)Acognicia
446 4243 562 4296 (lofrqm
617 4245 759 4298 (r):lprc:o
823 4247 987 4297 (disisam

141 4313 336 4365 condempnlaltas
398 4315 592 4366 (s)Aindu;ara
660 4319 851 4367 (warunnam
915 4320 988 4367 (lule

139 4391 174 4442 (l)
190 4389 213 4428 Α
228 4386 306 4425 arbitri
358 4385 401 4439 (m)
416 4388 434 4426 Α
450 4387 538 4425 arbitrio

225 4618 266 4686 (1)
288 4615 366 4672 Addi
387 4619 422 4672 30
443 4619 620 4673 novembre.
