2834 4792
98 473 116 536 6
402 494 572 536 nrnazronr
596 494 655 534 rna
679 492 807 534 varona
834 494 852 534 a
875 493 1028 534 naurova

97 717 147 765 ter
181 704 380 768 Veronenses
410 718 442 767 et
480 703 683 767 Mantuanos

94 839 151 901 per
167 839 342 882 commune
359 820 408 882 vel
431 819 574 882 divisum
587 819 683 891 datis,

96 935 199 1007 lactis,
232 937 366 1010 habitis,
399 957 500 1017 usque
532 936 567 998 in
594 936 681 998 diem

94 1053 251 1134 presentis
273 1055 360 1135 pacis
379 1055 567 1135 composite.
649 1067 681 1115 et

65 1155 68 1159 ¹
93 1169 182 1252 quod
205 1176 250 1246 (c)
271 1170 408 1232 salvabo
434 1184 466 1233 et
496 1170 680 1232 custodiam

94 1305 143 1347 res
157 1301 188 1349 ct
207 1306 361 1368 personas
374 1285 521 1349 civitatis
544 1287 682 1348 Mantue

94 1422 155 1484 pro
176 1407 346 1466 communi
370 1404 421 1466 rel
435 1404 540 1465 diviso
559 1404 593 1466 in
609 1418 680 1466 tota

95 1517 196 1580 forcia
219 1533 249 1581 et
273 1540 360 1602 aqua
382 1535 413 1583 et
430 1534 516 1583 terra
542 1520 681 1583 Verone.

174 1637 219 1714 [et
244 1635 269 1697 si
291 1637 365 1719 quis
388 1637 488 1700 homo
512 1637 682 1702 districtus

95 1751 681 1834 Mantue](d)velalteriusunusvel

93 1868 202 1948 plures
229 1869 366 1933 forciam
391 1873 487 1934 vellet
519 1872 624 1934 facere
647 1874 680 1935 in

92 1986 238 2065 personis
252 2001 283 2049 et
307 1988 403 2049 rebus
418 1989 518 2050 alicui
542 1990 682 2062 homini,

93 2098 163 2170 uni,
185 2102 234 2163 vel
251 2102 403 2183 pluribus
419 2105 565 2167 civitatis
588 2107 682 2169 Man-

92 2229 158 2287 tue,
182 2218 266 2280 bona
290 2218 352 2282 fide
374 2242 461 2293 eum,
485 2223 535 2284 vel
558 2242 610 2284 eos
632 2223 682 2286 de-

93 2337 224 2399 lendam
237 2353 268 2401 et
281 2339 315 2400 in
330 2354 400 2401 tota
417 2355 504 2403 terra
530 2343 579 2404 vel
593 2362 679 2424 aqua

93 2454 469 2519 Veronemanutencbo
548 2460 678 2520 nullum

90 2570 287 2634 tholoneum
310 2579 365 2648 (e),
389 2574 438 2635 vel
455 2575 582 2636 daciam
605 2576 680 2656 (f),

91 2689 141 2748 vel
154 2689 359 2750 exactionem
373 2710 616 2771 percommune
629 2694 679 2754 vel

89 2803 234 2865 divisum
249 2805 399 2866 auferam
414 2806 541 2867 homini
559 2808 609 2867 vel
627 2807 679 2867 ho·

92 2917 237 2978 minibus
269 2919 416 2980 civitatis
450 2921 599 2990 Mantua,
624 2942 680 3003 pre

92 3052 278 3107 commune,
294 3037 344 3097 vel
361 3036 517 3108 divisum,
541 3039 589 3099 vel
614 3059 683 3118 per-

90 3151 223 3212 mittam
258 3151 393 3221 aulerri,
427 3164 497 3213 tota
522 3153 621 3214 forcia
650 3168 681 3216 ct

90 3287 175 3347 aqua
201 3268 341 3340 Verone,
368 3269 481 3348 aliqua
504 3271 682 3340 occasione,

90 3398 226 3464 excepto
258 3384 347 3464 quod
382 3385 479 3445 liccat
511 3388 681 3446 communi

91 3501 220 3562 Verona
244 3502 373 3562 auferre
390 3500 430 3561 au
449 3515 582 3580 pontem
607 3501 683 3560 civi·

91 3616 169 3677 tatis
192 3616 242 3675 vel
266 3616 299 3675 in
330 3615 466 3674 civitate
489 3612 683 3673 hominibus

93 3732 231 3792 Mantua
261 3752 355 3790 ·xn·
390 3730 594 3790 veronenses
623 3748 682 3809 pro

90 3847 239 3926 plaustro
251 3848 366 3907 averis.
421 3847 490 3906 etsi
504 3845 684 3924 quidabla·

92 3976 163 4022 tum
190 3964 240 4024 vel
263 3978 435 4043 acceptum
468 3961 567 4021 l'ucrit
593 3961 681 4019 ultra

98 4078 159 4138 hoc
175 4079 263 4158 quod
285 4079 549 4160 suprascriptum
567 4089 613 4135 est
633 4073 675 4133 ali

90 4197 155 4266 cui,
172 4197 222 4255 vel
241 4197 408 4276 aliquibus
431 4193 579 4255 civitatis
592 4192 683 4251 Man·

93 4329 148 4358 tiro
183 4315 230 4358 vni
265 4314 435 4358 [iictrivrtts
471 4308 604 4358 rutiliani
641 4307 679 4358 ril'.

907 703 1082 766 Mantuam
1105 716 1136 765 et
1161 702 1326 764 Veronam

1187 817 1272 879 datis
1293 829 1325 878 et

738 935 831 997 factis
852 948 884 997 et
908 934 1030 996 habitis

1024 1288 1170 1350 civitatis
1193 1285 1324 1347 Verone

1037 1417 1068 1466 et
1092 1403 1197 1465 diviso

856 1535 887 1583 et
911 1536 995 1582 terre
1017 1535 1048 1582 et
1072 1540 1156 1602 aque

738 2231 777 2272 ne

738 2442 875 2503 Mantuc

1096 2918 1224 2978 Verona

1273 3148 1326 3210 vel

738 3293 822 3352 aqua
850 3272 987 3330 Mantuc

1137 3381 1329 3440 communis

740 3504 877 3562 Mantuc
894 3499 1023 3558 auferre
1043 3497 1074 3556 in
1092 3496 1198 3577 capite
1213 3499 1328 3577 pontis

740 3618 876 3676 Mantuc
894 3613 1223 3674 hominibusl'erone
1244 3633 1328 3672 ·er·

740 3731 938 3789 Veroncnscs
962 3747 1018 3806 pro
1041 3728 1084 3806 pl·

739 4326 776 4356 nl*
