2874 4748
563 379 633 420 noc.
656 379 717 419 nxv
740 379 759 418 u
784 379 878 418 rxvr:
904 376 977 438 1299
1064 389 1066 394 >
1328 354 1385 437 337

159 591 240 672 quid
263 590 390 671 aliquid
413 610 542 653 movere
566 590 616 652 vel
631 601 759 652 tentare
774 589 808 649 in
825 588 970 650 favorem
995 589 1217 670 predictorum
1241 588 1290 649 vel
1315 607 1387 668 pro·

160 727 276 770 curare
297 707 349 768 vel
373 707 476 769 facere
505 706 631 787 aliquid
661 705 751 767 aliud
773 725 828 786 per
850 706 939 786 quod
969 705 1068 786 possit
1090 704 1159 766 lieri
1184 705 1310 766 utilitas
1332 704 1387 765 ali·

161 845 226 906 qua
248 823 344 886 dictis
365 823 508 886 dominis
530 824 662 905 Tayno,
685 822 872 885 Comitibus
894 822 932 883 de
956 821 1145 890 Casalialto.
1174 821 1212 884 de
1235 821 1386 885 Marcha-

163 941 272 1020 regia,
295 938 457 1009 Gaffaris,
480 937 530 1000 vel
552 936 745 1018 sequacibus
766 937 852 1007 suis,
873 956 948 998 cum
972 936 1111 1018 predicti
1143 935 1270 998 domini
1298 935 1388 1017 Tay-

164 1075 243 1126 nus,
273 1053 419 1117 Comites
450 1054 489 1115 de
512 1052 712 1124 Casalialto,
745 1053 783 1113 de
807 1052 1028 1134 Marcharigia
1050 1066 1081 1113 et
1106 1051 1233 1114 Gallari
1265 1065 1386 1114 tracta-

163 1187 234 1232 tum
263 1171 398 1232 fecerint
431 1171 481 1230 vel
516 1168 695 1231 habuerint
730 1170 860 1229 noviter
892 1188 966 1229 cum
1003 1168 1102 1231 fratre
1136 1168 1317 1231 Gratiadeo
1349 1169 1388 1231 de

164 1287 318 1370 Pighetis,
339 1287 378 1348 de
400 1288 488 1349 ultra
523 1287 661 1348 Pontem
687 1284 967 1356 Molendinorum,
988 1286 1027 1346 de
1050 1284 1175 1347 Ordine
1203 1285 1388 1349 Heremita-

164 1424 249 1475 rum,
270 1422 367 1486 super
388 1401 608 1464 disturbando
640 1415 821 1482 presentem
851 1416 976 1462 statum
1001 1402 1139 1463 Mantue
1161 1401 1333 1482 pacificum
1356 1417 1386 1464 et

164 1519 397 1600 tranquillum,
418 1533 450 1580 et
471 1519 663 1599 quicunque
694 1516 925 1579 contrafecerit
948 1517 983 1578 in
1007 1516 1160 1598 predictis
1192 1519 1243 1577 vel
1275 1519 1388 1598 aliquo

165 1635 399 1718 predictorum,
419 1635 656 1714 cuiuscumque
683 1632 882 1695 conditionis
910 1633 1019 1704 fuerit,
1045 1646 1143 1714 eaput
1167 1633 1226 1694 sibi
1251 1655 1268 1696 a
1293 1635 1388 1696 busto

164 1754 278 1816 debeat
300 1753 478 1835 amputari.
601 1753 644 1813 Et
666 1751 691 1812 si
714 1750 868 1811 dominus
890 1749 1046 1821 Potestas,
1079 1753 1137 1830 qui
1160 1769 1219 1831 pro
1242 1765 1389 1832 tempore

166 1869 275 1942 fuerit,
297 1867 487 1930 contrafieri
510 1881 690 1949 pateretur,
712 1866 926 1929 condemnari
950 1866 1065 1927 debeat
1081 1868 1270 1947 quingentis
1293 1868 1388 1929 libris

166 1985 304 2045 Mantue
327 2001 517 2065 parvorum,
540 1983 575 2043 in
594 1981 744 2044 Comune
769 1983 906 2043 Mantue
930 1981 1136 2053 deducendis,
1152 1998 1183 2044 et
1201 1984 1392 2045 nullatenus

165 2099 370 2162 remittendis
393 2100 443 2158 vel
465 2098 685 2170 restituendis,
714 2112 744 2158 et
776 2098 1011 2159 nichilominus
1037 2099 1308 2160 contrafacientes
1332 2120 1390 2181 pu-

166 2216 231 2278 niri
252 2216 401 2287 debeant,
413 2213 592 2275 seeundum
610 2214 697 2294 quod
713 2214 861 2294 superius
876 2215 1077 2275 continetur.
1142 2215 1226 2276 Sane
1247 2215 1389 2278 siluerit

164 2331 299 2392 clericus
321 2332 371 2392 vel
393 2329 606 2391 ecclesiastica
630 2349 777 2411 persona,
800 2330 932 2410 qui,vel
955 2349 1018 2410 que
1039 2345 1154 2391 contra
1179 2331 1323 2412 predicta
1340 2333 1389 2393 vel

166 2447 300 2529 aliquod
322 2446 544 2529 predictorum
569 2445 680 2506 lecerit
703 2446 752 2507 vel
776 2449 912 2516 venerit,
940 2446 1079 2508 existens
1104 2448 1164 2507 sub
1190 2447 1392 2528 protectione

166 2563 326 2625 Comunis
352 2564 500 2634 Mantue,
516 2563 557 2622 ab
574 2563 641 2643 ipsa
659 2562 863 2642 protectione
885 2563 1093 2646 intelligatur
1110 2578 1141 2624 et
1156 2564 1197 2624 sit
1213 2578 1392 2645 exemptus,

166 2694 310 2740 remotus
333 2692 432 2758 atque
455 2691 607 2746 cassatus
629 2691 660 2737 et
683 2677 829 2757 quelibet
846 2698 982 2759 persona
1006 2680 1104 2739 talem
1128 2678 1282 2740 clericum
1300 2695 1331 2741 et
1347 2701 1393 2746 ec·

165 2794 376 2856 clesiasticam
401 2814 572 2874 personam
596 2794 703 2854 valeat
727 2795 863 2876 impune
886 2794 1047 2856 offendere
1070 2803 1082 2870 (
1104 2803 1126 2870 ).

720 3142 840 3205 LXVl.

238 3386 357 3456 Tagino
377 3405 393 3439 e
415 3386 577 3457 Filippone
592 3387 783 3454 Bonaeeolsi‚
805 3387 861 3440 elie
882 3387 1068 3441 Bardellone
1083 3395 1194 3440 teneva
1214 3385 1361 3439 carcerati
1377 3402 1395 3438 a

170 3491 324 3561 lllautova,
352 3493 463 3547 furono
492 3494 614 3548 liberati
643 3494 915 3565 nellugli01294:
944 3494 1063 3564 Tagino
1083 3511 1184 3548 venne
1212 3493 1356 3546 mandato
1377 3508 1395 3545 a

169 3601 290 3656 confine
310 3603 342 3655 in
363 3601 456 3668 lllasi,
476 3610 595 3657 mentre
616 3603 764 3657 Foderieo
784 3621 801 3656 e
821 3603 991 3657 Corradino
1012 3601 1154 3671 Gonzaga
1180 3601 1220 3655 zii
1249 3601 1278 3654 di
1300 3600 1396 3654 Botti-

170 3706 256 3773 cella,
275 3708 386 3762 l'urono
402 3709 509 3763 inviati
525 3727 542 3763 a
562 3710 683 3763 confine
698 3711 727 3763 in
749 3711 880 3765 Verona.
902 3710 958 3764 Nel
975 3711 1043 3778 1295
1057 3709 1078 3763 il
1092 3709 1243 3779 Capitano
1264 3726 1280 3762 e
1301 3707 1323 3761 il
1342 3710 1397 3761 Co·

170 3831 262 3868 mune
282 3815 312 3869 di
334 3815 480 3870 Mantova
501 3835 647 3872 concesso
667 3819 693 3871 ai
717 3819 835 3872 banditi
856 3819 885 3872 di
906 3818 1066 3888 scegliersi
1094 3817 1166 3888 quel
1186 3817 1317 3884 confine,
1337 3816 1395 3870 che

168 3939 313 3978 avessero
333 3925 491 3996 prel'erit0,
511 3943 527 3979 e
549 3927 684 3995 permise
704 3928 764 3981 alle
784 3927 851 3980 loro
871 3926 1007 3996 lamiglie
1028 3926 1059 3979 di
1080 3926 1125 3979 l'ar
1139 3926 1257 3980 ritoruo
1277 3943 1295 3980 a
1316 3925 1398 3980 llan-

169 4037 248 4083 tova.
269 4031 388 4101 Tagino
408 4041 507 4086 stesso
519 4039 608 4087 torno
624 4052 641 4088 a
658 4034 804 4089 lllantova
818 4035 837 4088 il
854 4035 886 4088 15
904 4034 999 4103 luglio
1016 4034 1084 4102 1298
1103 4033 1159 4102 (De
1174 4033 1314 4099 Romarm,
1328 4033 1396 4101 453;

170 4136 223 4189 eir.
242 4137 321 4192 Ann.
341 4138 444 4204 Mani,
464 4142 518 4209 31).

242 4463 279 4533 (1)
299 4465 327 4519 A
345 4471 453 4534 questo
468 4466 588 4517 Statuto
599 4463 801 4531 corrispoude
815 4462 844 4514 la
859 4460 982 4515 rubrica
998 4477 1027 4514 11
1044 4459 1094 4513 dcl
1110 4459 1189 4513 libro
1200 4460 1241 4514 Vl
1253 4460 1389 4527 (D'Anco

172 4549 223 4618 111,
245 4554 344 4624 13d4),
365 4552 420 4606 che
443 4551 499 4606 n’o
520 4552 542 4605 il
562 4549 765 4606 ril'acimchto.

251 4687 276 4728 C.
292 4688 396 4729 Cinorus.
411 4709 437 4718 -
453 4688 622 4738 llcdrsr'onr'sra
642 4689 725 4727 Verona
742 4699 752 4725 e
768 4688 883 4727 alimum.
1294 4695 1318 4722 22
