2858 4792
111 475 168 538 116
414 489 584 532 nataztoar
607 489 667 530 raa
689 488 817 529 venosa
842 488 859 528 a
883 487 1033 528 naurova

103 702 219 764 matris
241 702 380 766 Ecclesie
409 713 440 764 et
463 700 589 762 domini
614 700 710 783 Regis
731 713 761 761 et
779 698 945 762 dictarum
968 698 1156 762 Civitatum
1180 713 1211 763 et
1235 697 1333 761 Com·

103 817 258 880 munium
280 831 312 880 et
334 817 558 900 predictorum
577 814 791 877 dominorum
817 813 1019 877 Marchionis
1034 829 1065 878 et
1082 814 1224 878 Comitis
1244 816 1334 877 etad

102 933 263 996 damnum
284 945 315 996 et
338 932 580 1016 oppressionem
603 931 828 994 inimicorum.
925 930 1012 994 Cum
1035 931 1200 994 venissent
1223 930 1257 993 in
1281 950 1335 1011 pa·

102 1051 186 1112 facio
210 1048 345 1112 comuni
379 1067 466 1110 novo
488 1045 650 1109 Comunis
673 1045 851 1108 Mediolani
875 1045 1105 1108 ambaxatores
1128 1045 1333 1126 infrascripti

103 1163 326 1246 predictarum
353 1162 541 1234 Civitatem
564 1174 595 1223 et
618 1161 861 1224 Communium
883 1174 914 1223 et
937 1160 1101 1232 Partium,
1123 1175 1154 1223 et
1172 1160 1335 1242 predicto-

104 1299 178 1341 rum
201 1278 414 1341 dominorum
440 1277 642 1339 Marchionis
663 1289 694 1339 et
718 1275 858 1338 Comitis
890 1288 920 1338 et
953 1275 1108 1338 dominus
1131 1275 1278 1338 Potestas
1299 1288 1331 1336 et

104 1395 274 1476 Sapientes
307 1394 370 1455 viri
403 1392 548 1455 civitatis
572 1392 763 1462 Mediolani,
796 1392 836 1453 ad
860 1391 920 1453 hoc
944 1392 1036 1454 electi
1066 1407 1097 1453 et
1120 1391 1281 1473 deputati,
1304 1407 1333 1453 et

104 1511 264 1573 haberent
286 1510 325 1572 de
347 1509 500 1591 predictis
525 1523 555 1572 et
580 1508 798 1590 infrascriptis
814 1521 1009 1589 potestatem
1032 1529 1048 1570 a
1073 1506 1222 1570 Consilio
1244 1527 1336 1588 gene-

103 1628 164 1689 rali
187 1627 349 1690 Comunis
373 1627 562 1698 Mediolani,
586 1625 701 1688 habito
723 1627 845 1707 pluries
861 1637 1008 1687 tractatu
1030 1639 1061 1688 et
1086 1625 1284 1687 tractatibus
1300 1639 1332 1685 et

102 1743 340 1806 deliberatione
354 1756 386 1804 et
402 1742 696 1804 deliberationibus
711 1756 743 1804 et
759 1741 896 1803 consilio
910 1748 960 1817 (o)
974 1741 1149 1823 separatim
1166 1755 1197 1803 et
1210 1740 1335 1820 simul].

101 1873 332 1923 convenerunt
355 1860 524 1930 inunum,
545 1872 576 1920 et
598 1857 885 1919 concordaverunt
902 1857 991 1938 quod
1006 1858 1142 1918 societas
1152 1870 1196 1919 ‘et
1219 1856 1334 1918 frater-

104 1977 189 2037 nitas
211 1990 242 2037 et
265 1974 414 2036 amicicia
437 1988 507 2035 tam
529 1986 699 2034 contracta
715 1988 746 2034 et
764 1974 872 2034 iurata
889 1987 920 2035 et
938 1973 1024 2034 facta
1047 1973 1135 2035 inter
1157 1972 1331 2033 dominum

104 2111 211 2173 regem
235 2090 343 2153 Sicilie
365 2110 402 2150 ex
426 2108 493 2150 una
517 2103 620 2169 parte,
644 2086 830 2150 Commune
852 2103 883 2150 et
906 2088 1073 2169 Populum
1097 2087 1279 2149 Mediolani
1301 2103 1334 2150 et

104 2206 255 2268 dominos
276 2206 315 2266 de
337 2205 368 2266 la
391 2205 511 2275 Turre,
533 2219 564 2266 et
588 2203 754 2266 Comunia
783 2205 1006 2285 quarumdam
1029 2204 1172 2266 aliarum
1201 2205 1239 2266 de
1263 2223 1334 2285 pre-

104 2323 200 2386 dictis
221 2323 423 2394 civitatibus,
445 2337 476 2384 et
499 2322 633 2383 societas
655 2336 685 2416 et
717 2322 907 2384 fraternitas
928 2336 959 2383 et
982 2322 1130 2383 amicicia
1152 2335 1335 2392 contracta,

107 2439 191 2498 facta
203 2452 234 2498 et
251 2435 360 2497 iurata
377 2435 463 2496 inter
487 2434 673 2496 Commune
697 2434 888 2506 Mediolani,
903 2449 933 2495 et
951 2434 1101 2494 dominos
1124 2435 1162 2495 de
1178 2434 1208 2495 la
1225 2434 1335 2497 Turre

103 2567 136 2615 et
159 2550 360 2614 Communia
385 2551 547 2632 Pergami,
570 2543 694 2621 Laude,
718 2550 872 2621 Novarie,
904 2549 1089 2612 Cumarum
1117 2565 1149 2612 et
1173 2551 1335 2631 predicto·

106 2687 180 2729 rum
204 2667 417 2728 dominorum
442 2665 644 2727 Marchionis
666 2678 697 2726 et
720 2664 871 2734 Comitis,
895 2665 1033 2726 Mantue
1055 2678 1086 2726 et
1110 2666 1260 2728 Ferrarie
1281 2667 1335 2728 de·

109 2785 180 2845 beat
204 2782 348 2843 revocari
371 2795 402 2842 et
425 2781 614 2843 confirmari
631 2795 662 2844 et
679 2781 718 2843 ad
738 2781 895 2842 maiorem
912 2782 1075 2843 cautelam
1091 2795 1122 2843 et
1142 2781 1334 2844 firmitatem

106 2901 145 2962 de
167 2920 254 2961 rrovo
279 2899 347 2960 lieri
371 2913 402 2960 et
426 2900 541 2960 iurari.
625 2900 667 2960 Et
690 2898 779 2979 quod
803 2898 841 2958 ad
866 2897 988 2959 dictam
1008 2900 1196 2961 societatem
1219 2914 1249 2961 et
1274 2900 1336 2961 fra·

108 3016 311 3084 ternitatem‚
333 3015 527 3086 amiciciam,
549 3035 603 3076 seu
627 3016 660 3075 in
684 3015 770 3076 dicta
794 3015 947 3076 societate
970 3029 1000 3077 et
1023 3017 1232 3078 societatibus
1256 3017 1337 3079 iam-

106 3132 201 3194 dictis
223 3133 362 3192 debeant
386 3131 484 3212 recipi
518 3131 718 3192 Communia
754 3131 873 3200 Brixie,
907 3131 1143 3208 Vercellarum‚
1177 3132 1337 3205 bononie,

108 3249 229 3318 Padue‚
252 3246 399 3316 Tricisii,
433 3247 572 3317 Mutine,
608 3247 711 3328 Regii,
734 3262 764 3308 et
799 3247 878 3307 Pars
906 3248 1086 3310 extrinseca
1120 3248 1281 3310 Cremone
1304 3263 1336 3311 et

108 3364 284 3433 Placentie,
307 3377 338 3424 ct
360 3364 447 3444 quod
471 3365 699 3424 ambaxatores
722 3365 864 3444 ipsarum
899 3364 1084 3436 civitatum,
1107 3365 1163 3445 qui
1187 3365 1225 3426 de
1249 3384 1336 3425 novo

108 3479 319 3561 recipientur,
341 3493 372 3540 ct
397 3479 443 3538 illi
467 3478 523 3558 qui
546 3492 624 3539 sunt
642 3498 700 3558 pro
717 3479 814 3539 Parte
837 3479 1016 3539 extrinseca
1041 3479 1202 3541 Cremone
1218 3495 1248 3540 et
1266 3479 1337 3540 Pla·

105 3595 212 3655 ciente
228 3593 368 3654 debeant
388 3593 581 3674 promittere
597 3608 627 3653 et
645 3593 753 3654 iurare
777 3593 899 3655 dictam
915 3596 1103 3655 societatem
1126 3615 1185 3655 suo
1203 3595 1337 3656 nomine

105 3726 138 3771 et
163 3709 295 3771 nomine
318 3709 481 3770 dictarum
506 3709 682 3770 civitatum
705 3723 735 3770 et
759 3709 915 3790 partium.
1009 3730 1072 3790 que
1095 3712 1262 3772 societates
1284 3711 1338 3773 de-

109 3829 205 3886 beant
229 3825 417 3886 confirmari
441 3842 471 3886 et
496 3825 639 3887 revocari
657 3841 686 3886 et
704 3826 742 3886 de
759 3846 845 3887 noro
870 3826 938 3887 fieri
962 3846 1017 3907 per
1041 3828 1201 3907 predictos
1223 3848 1338 3890 omnes

109 3944 348 4012 ambalatores,
371 3942 504 4002 nomine
528 3946 671 4023 ipsarum
694 3943 879 4004 Civitatum
898 3958 928 4004 et
946 3943 1108 4013 Partium,
1130 3945 1250 4005 scilicet
1272 3946 1340 4007 sin-

108 4060 177 4140 guli
195 4060 328 4120 nomine
349 4079 404 4120 sue
428 4060 585 4120 Civitatis
603 4075 633 4120 et
651 4059 768 4128 Partis,
791 4064 968 4120 secundum
991 4062 1129 4122 formam
1146 4077 1176 4122 et
1201 4062 1338 4124 modum

106 4191 138 4236 et
164 4190 309 4236 tenorem
342 4176 564 4254 predictarum
600 4176 794 4236 societatum
819 4176 881 4237 iam
910 4179 1081 4246 factarum,
1112 4192 1209 4258 prout
1233 4178 1341 4238 conti-

109 4305 206 4352 netur
231 4291 263 4351 in
288 4291 518 4351 instrumentis
541 4292 615 4352 inde
635 4292 725 4350 factis
742 4313 796 4372 per
814 4313 949 4352 manum
975 4293 1114 4373 arroldi
1139 4293 1176 4354 de
1195 4293 1341 4369 Bolcano

112 4409 231 4454 rrrtttrrii
258 4408 311 4454 ·M
331 4427 337 4441 ·
355 4406 434 4454 (ΪΓΛ
456 4408 462 4454 l
485 4407 567 4454 W·
601 4420 629 4454 nt
655 4408 741 4454 irritari
776 4408 894 4454 facient
917 4425 946 4454 nt
966 4411 1192 4454 mamm-alume
1216 4409 1340 4454 cimmerii
