2850 4776
640 499 708 540 noc.
732 499 831 540 cvm:
859 499 934 559 ¹290
1344 499 1403 562 227

177 726 232 786 per
254 706 286 768 in
305 708 411 788 capite
434 710 554 790 viginti
578 731 697 774 novem
720 731 897 784 annorum,
913 711 1070 773 solvendo
1092 708 1180 770 dicto
1203 715 1404 774 monasterio

175 835 305 884 centum
322 824 442 885 solidos
457 825 670 887 denariorum
695 830 926 888 veronensium
943 847 1002 908 pro
1017 827 1164 908 qualibet
1188 829 1405 890 renovacione

174 939 288 1010 libelli,
320 940 490 1002 investivit
523 941 697 1002 dominum
733 943 910 1004 Albertum
937 944 975 1004 de
997 944 1027 1004 la
1052 943 1152 1005 Scala·
1178 943 1217 1004 de
1249 945 1404 1005 omnibus

175 1055 279 1127 terris,
301 1057 535 1137 posesionibus,
550 1057 710 1131 casalivis,
725 1059 888 1130 aratoriis,
906 1060 1051 1131 vinettis,
1071 1060 1218 1140 pratilis,
1243 1059 1404 1122 boschivis

172 1185 206 1232 et
229 1172 338 1254 vigris,
361 1173 456 1253 aquis
477 1187 508 1234 et
533 1175 710 1254 paludibus
739 1161 771 1235 et
793 1175 832 1235 de
854 1175 1010 1236 omnibus
1042 1175 1172 1237 iuribus
1202 1175 1347 1258 piscandi
1370 1192 1401 1236 et

172 1287 316 1348 venandi
339 1303 370 1350 et
393 1288 431 1349 de
453 1290 608 1350 omnibus
631 1291 761 1351 vasallis
783 1305 814 1352 et
838 1291 966 1352 iuribus
997 1293 1197 1353 vasallorum
1220 1307 1251 1354 et
1274 1293 1312 1353 de
1334 1313 1404 1353 om-

172 1403 272 1463 nibus
293 1405 486 1476 honoribus,
507 1406 636 1467 iuribus
658 1422 689 1468 et
713 1407 982 1469 iurisdicionibus
1003 1408 1092 1469 dicto
1116 1410 1315 1470 monasterio
1331 1429 1403 1490 per-

171 1520 355 1582 tinentibus
378 1522 411 1583 in
436 1536 533 1592 terra,
549 1522 728 1594 territori0,
744 1523 947 1604 pertinencia
971 1538 1001 1584 et
1025 1524 1176 1584 districtu
1193 1524 1320 1595 Ostilie‚
1336 1543 1399 1603 que

169 1637 284 1698 omnia
307 1651 338 1698 et
359 1638 488 1717 singula
511 1639 699 1720 supradicta
734 1638 841 1700 dictus
872 1639 1027 1701 dominus
1054 1641 1212 1701 Albertus
1238 1640 1400 1701 confessus

171 1751 237 1812 l'uit
259 1753 390 1823 habere,
423 1768 533 1815 tenere
555 1768 586 1815 et
610 1755 770 1835 possidere
803 1756 853 1816 vel
876 1755 967 1835 quasi
998 1775 1057 1836 pro
1086 1756 1155 1836 ipso
1189 1756 1400 1827 monasteri0,

169 1870 312 1948 exceptis
334 1871 462 1931 ecclesia
492 1872 595 1933 saneti
630 1871 804 1951 Laurencij
829 1873 867 1932 de
890 1872 1009 1933 Ostilia
1033 1888 1063 1933 et
1089 1872 1213 1952 brayda
1244 1873 1329 1933 dicte
1351 1891 1399 1932 ec-

167 1986 264 2047 clesie
285 2001 316 2047 et
340 1989 434 2048 terris
455 2002 487 2049 et
510 1989 746 2068 posessionibus
762 1990 801 2050 ad
818 1990 939 2051 dictam
960 1991 1125 2050 ecclesiam
1146 1989 1401 2069 pertinentibus,

167 2117 202 2164 et
225 2103 348 2164 decima
371 2117 403 2165 et
426 2104 553 2165 iuribus
575 2104 804 2166 decimationis
832 2105 918 2166 dicte
949 2118 1045 2176 terre,
1075 2105 1274 2186 pertinencie
1297 2119 1328 2167 et
1352 2105 1402 2164 di-

166 2219 313 2290 strictus,
335 2240 398 2300 que
420 2222 532 2282 omnia
566 2222 731 2301 predictus
763 2221 917 2282 dominus
939 2223 1039 2282 abbas
1066 2223 1099 2282 in
1123 2242 1153 2281 se
1174 2221 1315 2282 retinuit
1339 2240 1399 2301 pro

168 2335 241 2415 ipso
264 2335 474 2406 monasteri0,
496 2349 527 2396 et
548 2335 637 2396 dedit
668 2335 832 2416 predictus
861 2336 1015 2396 dominus
1042 2337 1142 2397 abbas
1166 2337 1302 2396 verbum
1328 2355 1398 2416 pre-

168 2450 261 2510 dicto
283 2450 417 2512 domino
440 2453 579 2513 Alberto
603 2467 753 2513 tenutam
777 2465 808 2512 et
831 2453 1044 2532 posessionem
1066 2452 1213 2513 intrandi
1239 2453 1288 2512 vel
1305 2455 1398 2533 quasi

169 2565 395 2647 predictarum
428 2584 614 2638 terrarum,
638 2570 878 2648 posessionum,
902 2589 1032 2638 rerum,
1063 2569 1207 2637 iurium,
1235 2571 1397 2630 bonorum

167 2695 201 2743 et
226 2680 478 2743 iurisdicionum
511 2683 789 2763 quandocumque
824 2682 978 2752 voluerit,
1010 2683 1198 2743 confitendo
1227 2702 1258 2742 se
1281 2703 1340 2762 pro
1363 2704 1400 2745 eo

167 2813 200 2860 et
231 2798 298 2859 eius
330 2799 464 2859 nomine
496 2800 678 2879 possidere,
712 2801 814 2860 donec
848 2814 1000 2860 tenutam
1034 2814 1064 2860 et
1099 2802 1312 2878 posessionem
1348 2801 1398 2860 vel

166 2915 263 2996 quasi
286 2915 462 2976 intraverit
494 2918 696 2996 corporalem
732 2933 762 2978 et
795 2937 867 2977 eam
896 2936 995 2996 quam
1025 2916 1122 2977 habet
1146 2916 1249 2976 eidem
1273 2915 1399 2976 conlis-

168 3033 277 3094 mavit
299 3068 458 3078 --——-
479 3032 683 3093 constituens
699 3032 867 3113 predictus
879 3030 1033 3091 dominus
1049 3033 1148 3091 abbas
1164 3031 1203 3091 de
1227 3032 1400 3092 voluntate

168 3169 200 3217 et
217 3173 374 3215 consensu
390 3151 469 3212 dicti
486 3149 612 3209 domini
630 3147 727 3208 Cloae
745 3148 929 3226 predictum
946 3146 1118 3206 dominum
1138 3148 1313 3207 ailbertum
1329 3167 1397 3227 pro·

168 3283 368 3339 curatorem,
391 3282 427 3327 ut
451 3266 484 3325 in
508 3285 575 3325 rem
592 3284 695 3333 suam,
713 3277 748 3322 ut
773 3262 871 3342 possit
888 3261 1037 3341 experiri,
1055 3263 1192 3333 causari,
1208 3263 1400 3332 detl'endere,

169 3401 289 3468 petere,
311 3385 436 3463 exigere
452 3398 483 3443 et
507 3382 555 3441 uti
572 3381 652 3441 etin
669 3401 699 3440 se
717 3379 856 3439 retinere
882 3417 892 3420 —
923 3417 934 3419 -
973 3417 977 3419 -
1012 3416 1036 3420 ψ
1061 3378 1147 3438 etad
1166 3377 1399 3437 lictumanua-

169 3503 232 3563 tim
254 3502 343 3561 dicto
365 3499 499 3559 domino
523 3495 635 3558 abbati
652 3511 682 3555 et
700 3495 899 3556 monasterio
915 3494 1060 3554 dandum
1086 3509 1116 3552 et
1141 3493 1342 3552 reddendum
1367 3509 1397 3551 et

168 3618 211 3678 ad
235 3617 418 3696 predictum
444 3614 680 3674 monasterium
711 3612 961 3671 conducendum
994 3625 1023 3670 et
1055 3608 1308 3688 guter-nandum
1333 3610 1398 3666 suis

168 3731 312 3815 propriis
333 3731 479 3810 expensis
501 3743 645 3808 quatuor
667 3729 811 3806 plaustra
829 3728 895 3786 sive
914 3727 1095 3802 nonaginta
1113 3745 1164 3783 ser
1185 3723 1401 3794 animulam)

169 3850 248 3912 boni
272 3864 302 3910 et
320 3847 424 3930 pulcri
443 3847 599 3906 frumenti
620 3847 698 3905 bene
714 3846 799 3913 sicci,
817 3847 896 3904 tune
915 3844 1026 3904 mondi
1044 3858 1074 3903 et
1091 3842 1250 3902 crivellati
1269 3843 1300 3900 in
1321 3841 1396 3900 lesta

166 3979 279 4027 sancte
299 3965 402 4024 Mario
425 3963 462 4022 de
486 3962 591 4021 medio
615 3962 756 4038 aumrsti,
772 3975 802 4018 et
819 3961 842 4018 si
861 3981 897 4020 eo
920 3959 971 4018 die
994 3981 1030 4018 eo
1046 3960 1169 4017 dictum
1197 3956 1307 4016 lictum
1333 3977 1397 4016 non

165 4083 313 4152 solverit,
329 4081 415 4141 inlra
434 4093 585 4140 octavam
610 4077 724 4136 deun
750 4076 934 4154 imluplarc,
956 4075 1026 4134 etsi
1053 4073 1137 4132 inira
1155 4072 1398 4151 quindecimam

168 4219 237 4261 non
267 4196 511 4278 induplaverit,
543 4195 647 4252 solvar
682 4213 798 4271 penam
825 4191 1067 4269 inl'mstriptarn
1096 4205 1126 4248 et
1163 4188 1400 4248 nichilominus

165 4316 296 4376 dictum
321 4313 434 4374 fictum
457 4326 488 4373 et
512 4311 649 4389 duplum
675 4310 797 4367 solvere
822 4322 991 4377 terreatur,
1014 4320 1044 4366 et
1069 4307 1116 4364 illi
1140 4306 1177 4365 de
1201 4305 1400 4365 monasterio

164 4445 348 4496 teneantur
371 4445 401 4490 et
424 4431 562 4489 debeant
589 4428 690 4487 lucere
713 4446 867 4505 expensas
883 4425 920 4483 de
940 4426 1011 4483 cibo
1029 4438 1058 4484 et
1079 4439 1159 4502 potu
1183 4437 1326 4502 quatuor·
1348 4421 1403 4478 lm-
