2850 4776
100 481 159 525 220
402 480 572 522 arzurzrosr
596 481 655 522 raa
677 480 808 523 venosa
830 481 850 520 u
873 479 1026 521 uasrova

97 697 183 778 quod
208 697 329 758 morari
353 695 510 758 deberent
533 697 629 777 longe
644 716 663 757 a
677 695 814 757 civitate
838 693 930 776 Regii
954 712 1011 775 per
1032 709 1108 756 octo
1126 693 1283 768 miliaria,
1297 713 1332 760 et

96 814 198 875 eciam
218 812 276 892 filij
300 826 512 875 mortuorum
542 832 579 873 ex
602 811 658 882 eis,
680 811 818 872 maiores
850 810 1023 872 duodecim
1045 811 1151 884 annis,
1172 825 1206 874 et
1227 813 1332 874 eciam

97 926 155 993 tilii
178 929 306 991 domini
328 928 478 1008 Jacopini
500 927 540 988 de
562 927 698 998 Palude,
712 926 771 1008 qui
788 927 872 988 hanc
889 945 1000 1008 pacem
1022 940 1192 1008 acceptare
1212 927 1333 990 eteius

98 1045 254 1108 beneficio
277 1045 325 1107 uti
350 1044 529 1115 voluerint,
560 1043 649 1104 infra
682 1044 864 1106 terminum
896 1042 1125 1124 supradictum
1152 1045 1276 1105 morari
1298 1061 1331 1106 et

97 1162 283 1224 conversari
307 1162 432 1244 possint
453 1176 485 1223 et
507 1161 648 1223 debeant
669 1161 783 1222 eodem
807 1160 905 1222 modo
927 1162 1024 1242 longe
1045 1182 1063 1224 a
1085 1161 1174 1224 dicta
1193 1162 1333 1223 civitate

100 1279 191 1358 Regii
216 1299 272 1360 per
294 1293 369 1340 octo
391 1278 533 1340 miliaria
558 1279 614 1339 ubi
639 1277 816 1340 voluerint.
907 1276 1016 1339 Ceteri
1040 1298 1128 1348 vero,
1149 1279 1189 1341 de
1210 1279 1334 1360 quibus

97 1395 224 1455 dictum
249 1394 312 1455 luit
334 1407 365 1455 et
387 1408 552 1456 statutum
576 1395 609 1455 in
634 1394 740 1455 forma
772 1394 859 1456 dicte
881 1395 979 1475 pacis,
1011 1395 1100 1476 quod
1131 1395 1253 1457 morari
1276 1395 1331 1457 de·

100 1513 199 1572 beant
222 1511 318 1590 longe
334 1530 350 1570 a
366 1510 502 1570 civitate
519 1509 610 1590 Regii
628 1530 684 1590 per
702 1529 807 1570 unum
829 1511 969 1580 miliare,
985 1524 1054 1572 tam
1068 1511 1215 1572 viventes
1229 1529 1331 1592 quam

98 1626 155 1704 tilij
180 1641 403 1696 mortuorum,
425 1627 564 1687 maiores
585 1625 757 1686 duodecim
781 1626 886 1696 annis,
908 1626 1021 1687 eodem
1038 1625 1137 1687 modo
1159 1626 1283 1688 morari
1300 1639 1333 1687 et

98 1742 284 1804 conversari
308 1743 430 1824 possint
453 1757 484 1804 ct
506 1743 647 1804 debeant
670 1743 728 1803 ubi
746 1744 924 1812 voluerint,
947 1745 1042 1822 longe
1065 1764 1082 1804 a
1104 1743 1252 1813 civitate,
1275 1763 1333 1824 per

99 1879 204 1919 unum
228 1859 367 1928 miliare,
390 1860 467 1919 hinc
489 1859 529 1920 ad
552 1860 677 1921 dictum
702 1861 883 1922 terminum
903 1881 956 1922 sex
979 1879 1157 1922 annorum.
1252 1859 1335 1933 Quo

98 1976 241 2036 termino
259 1997 311 2037 sex
336 1996 502 2038 annorum
525 1977 834 2058 comple10,0mnes
856 1992 886 2040 et
908 1977 1030 2057 singuli
1051 1976 1245 2058 supradicti,
1262 1991 1332 2038 tam

98 2093 136 2152 de
158 2095 248 2154 Sesso
270 2113 371 2173 quam
405 2093 502 2154 amici
535 2113 649 2154 eorum
672 2109 703 2154 et
728 2094 851 2155 familie
884 2095 1041 2176 ipsorum,
1064 2093 1269 2176 recipiantur
1297 2093 1332 2154 in

98 2212 234 2272 civitate
257 2210 348 2290 Regii
373 2225 403 2271 ct
428 2225 626 2281 tractentur,
649 2226 685 2271 ut
708 2211 763 2285 alii
786 2211 872 2271 cives
894 2210 999 2291 Regij.

177 2327 254 2418 llll]
279 2327 358 2387 ltem
383 2327 470 2406 quod
494 2327 631 2406 predicti
662 2327 700 2386 dc
731 2327 820 2387 Scsso
842 2342 873 2386 et
895 2346 1010 2388 eorum
1041 2327 1137 2388 amici
1167 2347 1233 2388 non
1257 2347 1333 2408 gra·

98 2459 218 2504 ventur
242 2443 409 2521 aliquibus
433 2443 610 2504 honeribus
634 2445 682 2503 rel
708 2443 906 2504 factionibus
937 2464 991 2524 per
1015 2442 1202 2505 Commune
1225 2443 1335 2526 Regij,

100 2560 174 2620 hinc
187 2559 226 2620 ad
242 2572 393 2620 sanctum
413 2559 605 2620 blichaclem
624 2561 824 2641 proximum,
839 2577 870 2622 et
885 2582 900 2620 a
914 2577 1028 2621 sancto
1052 2560 1212 2622 llichaele
1229 2580 1334 2640 usque

98 2667 137 2726 ad
162 2686 266 2726 unum
291 2686 415 2727 anuum
440 2668 660 2747 completum
683 2669 723 2727 ab
747 2668 815 2748 ipso
839 2688 915 2729 vero
939 2668 1083 2729 termino
1106 2666 1139 2728 in
1163 2681 1262 2730 antea
1287 2668 1301 2729 f
1322 2703 1334 2713 ·

97 2784 187 2842 ciant
209 2795 240 2842 et
264 2782 403 2841 subeant
439 2781 595 2841 factiones
615 2796 645 2842 ct
670 2782 804 2852 honera,
836 2783 920 2842 sicut
944 2781 998 2860 alij
1022 2781 1061 2842 de
1086 2781 1197 2860 Regio,
1218 2800 1335 2843 secun·

97 2898 175 2957 dum
202 2898 373 2958 facultates
395 2916 520 2967 eorum,
540 2898 585 2957 ita
602 2899 690 2977 quod
716 2918 781 2958 nou
807 2913 984 2958 teneantur
1000 2897 1038 2957 de
1062 2897 1242 2958 honeribus
1265 2916 1335 2978 pre·

97 3013 213 3082 teritis,
238 3033 340 3092 neque
357 3014 395 3073 dc·
412 3014 618 3094 imponendis
642 3034 700 3094 pro
722 3015 825 3074 causis
848 3013 1014 3095 preteritis
1037 3015 1085 3074 rel
1110 3033 1225 3073 eorum
1242 3031 1335 3074 occa-

96 3129 196 3198 sione,
229 3130 320 3188 salvo
341 3130 429 3209 quod
454 3130 649 3190 immunitas
671 3131 804 3191 collecte
838 3150 903 3191 non
937 3130 1090 3191 solvende
1116 3149 1170 3210 per
1203 3129 1334 3191 dictum

97 3259 227 3324 tempus
249 3259 277 3305 et
303 3246 502 3324 gravaminis
537 3265 603 3305 non
635 3247 809 3316 subeundi,
844 3267 909 3306 non
938 3247 1056 3308 habeat
1090 3247 1199 3306 locum
1223 3247 1258 3306 in
1284 3245 1336 3306 his

97 3365 153 3441 qui
180 3382 244 3421 non
270 3376 462 3422 recesserant
488 3385 504 3422 a
529 3362 694 3423 mandatis
720 3363 916 3423 Communis
940 3363 1043 3442 Regii.

177 3477 270 3555 [ΧΗ]
297 3476 375 3538 ltem
403 3479 592 3548 volucrunt,
614 3494 842 3539 convenerunt
866 3493 896 3539 et
913 3492 1103 3539 statuerunt
1127 3478 1213 3538 iuter
1236 3497 1268 3538 se
1291 3477 1334 3537 ud

97 3597 103 3654 i
111 3595 248 3665 uticem,
261 3595 349 3675 quod
368 3595 479 3654 nullus
497 3595 655 3655 bannitus
674 3594 870 3656 Communis
891 3595 1028 3665 Verona,
1045 3609 1102 3655 aut
1115 3595 1217 3655 eciam
1234 3591 1335 3653 Com·

98 3714 207 3771 murus
232 3712 370 3772 llantuc
393 3731 452 3791 pro
482 3726 585 3790 parte,
614 3711 711 3793 possit
737 3715 785 3770 uri
808 3713 855 3771 rel
880 3712 1021 3790 gaudere
1052 3707 1208 3771 beneficio
1232 3707 1337 3769 huius

96 3828 182 3907 pacis
204 3843 235 3888 et
259 3828 484 3908 capitulorum
510 3829 542 3887 iu
566 3850 600 3888 ea
626 3828 837 3898 insertorum,
862 3847 918 3888 uec
940 3847 977 3886 ex
1002 3829 1045 3887 eis
1066 3827 1221 3906 consequi
1244 3844 1336 3886 com·

98 3942 232 4002 modum
258 3945 305 4004 rel
332 3945 515 4005 utilitatem
541 3944 698 4022 aliquam.

177 4060 287 4138 lelll
314 4059 393 4119 ltem
419 4061 506 4138 quod
531 4081 586 4140 per
611 4061 694 4120 hanc
718 4081 828 4140 pacem
846 4075 876 4120 ct
893 4060 1103 4120 concordiam
1126 4078 1179 4120 seu
1204 4076 1260 4139 per
1277 4059 1337 4118 ali-

95 4175 182 4251 quod
207 4176 391 4252 capitulum
419 4177 450 4234 iu
476 4197 509 4236 ca
535 4177 704 4244 insertum,
722 4196 827 4255 neque
845 4176 1064 4255 preiudicium
1082 4194 1187 4254 neque
1210 4173 1261 4234 ius
1284 4193 1338 4234 ac—

95 4290 261 4368 quiratur,
296 4311 400 4368 neque
435 4309 607 4370 augeatur,
640 4313 744 4372 neque
777 4294 986 4353 diminuatur
1022 4295 1054 4352 iu
1086 4292 1198 4372 aliquo
1230 4291 1335 4353 alicui

96 4407 337 4456 (srtntnrttnr'trm
365 4408 586 4456 rtrruir'vtrwrrm
614 4411 728 4457 notorie
745 4409 775 4456 in
793 4429 851 4456 erro
874 4423 960 4456 ctatrr
986 4409 1186 4456 «iurantibus
1208 4421 1238 4456 or
1261 4427 1337 4456 nor.
