2874 4748
22 471 80 530 328
322 488 493 530 arnazrom
515 489 576 529 rar
599 488 727 530 venosa
752 488 771 528 e
794 488 952 529 naurovr

20 704 61 766 ad
82 702 338 766 declarationem
352 702 489 784 predicti
506 702 656 782 capituli,
671 701 760 782 quod
786 700 936 782 loquitur
953 699 991 761 de
1008 700 1120 762 amicis
1141 715 1174 762 et
1190 702 1255 762 ini-

21 819 123 892 micis,
134 820 279 883 intendit
291 820 398 880 dictus
409 818 563 880 dominus
576 817 605 878 T
608 818 726 899 aginus
738 838 797 900 pro
812 839 843 879 se
855 832 886 879 et
911 817 1045 879 nomine
1057 837 1124 898 quo
1139 838 1252 901 supra,

21 936 110 1017 quod
132 936 287 996 dominus
309 935 525 1016 Oprandinus
546 948 577 995 et
603 934 776 995 Veneticus
799 949 830 995 et
852 934 1007 995 dominus
1041 934 1190 995 Cortesia
1214 935 1254 996 de

21 1052 189 1114 Casalolto
212 1052 448 1113 tantummodo
471 1052 595 1132 possint
617 1065 704 1112 stare
726 1065 757 1111 et
782 1050 932 1129 habitare
955 1051 1102 1111 interris
1124 1050 1254 1112 domini

22 1169 235 1241 Marchionis,
257 1189 325 1230 non
347 1168 523 1230 tractando
539 1183 661 1237 tamen,
679 1167 827 1228 faciendo
851 1167 899 1226 vel
921 1167 1162 1228 committendo
1177 1187 1255 1228 con-

22 1300 73 1346 tra
95 1284 312 1346 stabilitatem
335 1299 367 1345 et
391 1284 536 1345 fructum
556 1285 713 1364 presentis
729 1283 885 1354 amicicie,
903 1282 1036 1343 unionis
1050 1296 1081 1343 et
1105 1285 1179 1364 lige,
1194 1298 1254 1344 aut

7 1387 57 1459 'in
80 1397 330 1468 detrimentum,
346 1399 396 1458 vel
414 1397 567 1458 lesionem
585 1396 808 1476 predictorum
826 1396 1039 1456 dominorum
1064 1396 1254 1458 Bardelloui

23 1529 53 1575 et
77 1515 199 1595 Tagini
222 1528 253 1575 et
276 1513 438 1576 Comunis
462 1514 616 1587 Mantue;
640 1512 885 1593 etquicumque
903 1511 1077 1600 comiserit,
1095 1513 1192 1573 cadat
1209 1515 1255 1573 in·

23 1630 208 1692 continenti
232 1631 301 1711 ipso
325 1630 411 1691 lacto
445 1630 485 1689 ab
509 1629 700 1690 huiusmodi
735 1628 900 1700 beneficio,
925 1628 970 1689 ita
998 1630 1086 1709 quod
1111 1631 1255 1709 amplius

26 1747 58 1809 ni
80 1747 175 1808 terris
197 1747 360 1808 dictorum
385 1744 598 1823 dominorum
624 1745 857 1807 Marchionum
886 1758 917 1805 et
940 1745 1115 1806 cuiuslibet
1138 1765 1252 1807 eorum

22 1879 108 1926 stare
130 1878 161 1925 et
186 1862 337 1923 habitare
361 1882 426 1921 non
452 1863 550 1942 possit
567 1874 598 1923 et
616 1860 672 1922 liat
692 1861 846 1921 inimicus
869 1861 1015 1941 ipsorum
1039 1860 1252 1922 dominorum

25 1978 213 2041 Bardelloni
236 1991 267 2038 et
291 1977 413 2056 Tagini
436 1991 468 2037 et
490 1977 664 2037 cuiuslibet
688 1996 801 2037 eorum
815 1996 822 2050 ;
855 1958 1064 2057 expellantur
1097 1976 1135 2036 de
1159 1976 1256 2037 terris

23 2096 189 2157 dictorum
223 2093 436 2155 dominorum
462 2094 694 2155 Mareliionum
719 2109 749 2155 et
772 2095 946 2155 cuiuslibet
979 2114 1105 2165 eorum,
1139 2115 1195 2155 nee
1220 2096 1252 2155 in

23 2212 100 2293 ipsis
122 2210 261 2272 ulterius
282 2209 433 2271 habitare
457 2210 505 2270 vel
528 2223 614 2270 stare
637 2211 769 2290 possint.
852 2211 894 2270 Et
918 2230 1008 2270 versa
1031 2209 1117 2282 vice,
1142 2231 1256 2271 omnes

24 2340 55 2389 et
77 2326 199 2406 singuli
224 2325 354 2385 banniti
374 2344 433 2406 pro
450 2340 542 2405 parte
560 2326 706 2404 ipsorum
730 2325 942 2386 dominorum
969 2325 1203 2388 Marchionum
1223 2340 1254 2388 et

25 2443 231 2507 Comunium
255 2441 442 2502 Civitatum
467 2441 627 2511 Ferraria,
662 2442 790 2502 Mutine
814 2457 844 2501 et
870 2442 960 2521 Regii
985 2459 1015 2504 et
1039 2443 1183 2504 aliorum
1209 2443 1256 2503 lo-

24 2580 137 2620 corum
161 2573 191 2619 et
216 2574 379 2619 terrarum
405 2558 606 2618 iurisditioni
637 2572 667 2617 et
698 2558 847 2618 dominio
869 2559 1015 2637 ipsorum
1039 2558 1253 2619 dominorum

25 2672 259 2733 Marchionum
282 2687 312 2732 et
335 2673 509 2733 cuiuslibet
533 2692 647 2732 eorum
670 2672 892 2732 subiectarum
920 2671 1128 2751 expellantur
1150 2671 1190 2732 de
1213 2673 1256 2731 ci-

26 2790 129 2851 vitate
153 2790 291 2850 Mantue
303 2804 333 2850 et
347 2789 384 2849 de
398 2790 494 2849 terris
516 2804 547 2849 et
571 2790 647 2848 locis
663 2790 815 2848 subiectis
831 2789 1034 2849 iurisditioni
1051 2802 1082 2848 et
1105 2788 1255 2848 dominio

25 2907 249 2986 predictorum
266 2905 478 2965 dominorum
495 2904 684 2964 burdelloni
702 2919 732 2964 et
749 2904 870 2983 Tagini
887 2920 917 2964 et
937 2905 1111 2964 cuiuslibet
1127 2924 1254 2974 eorum,

26 3043 82 3082 nec
107 3023 138 3081 in
162 3022 237 3100 ipsis
261 3022 355 3082 terris
379 3022 517 3081 ulterius
540 3020 690 3080 babitare
714 3022 762 3080 vel
786 3034 870 3079 stare
895 3022 1028 3100 possint.
1093 3020 1168 3093 Que
1184 3040 1255 3099 pre·

24 3137 103 3197 dieti
128 3137 262 3196 Domini
285 3137 434 3216 superius
448 3137 623 3205 nominati,
647 3137 779 3196 nomine
802 3156 868 3215 quo
893 3157 1002 3216 supra,
1025 3152 1254 3196 convenerunt

24 3267 55 3313 et
80 3252 302 3332 promiserunt
325 3252 364 3311 ad
388 3252 528 3311 invicem
549 3272 603 3331 per
625 3253 792 3311 solennem
809 3251 1057 3331 stipulationem
1083 3251 1254 3312 attendere
1296 3331 1300 3342 .

24 3383 54 3429 et
77 3369 260 3436 observare,
284 3381 319 3427 ut
342 3368 490 3446 superius
513 3369 638 3427 dictum
656 3383 712 3436 est,
728 3383 758 3428 et
776 3383 811 3428 ut
837 3369 868 3427 in
893 3369 1047 3428 omnibus
1066 3382 1096 3429 et
1115 3369 1255 3448 singulis

23 3484 204 3565 [capitulis]
226 3487 428 3552 continetur,
443 3487 503 3543 sub
521 3505 601 3562 pena
617 3485 723 3544 decem
741 3485 869 3544 milium
885 3485 1096 3544 marcharum
1114 3486 1254 3564 argenti,

23 3621 85 3681 que
110 3621 190 3680 pena
216 3601 336 3661 totiens
350 3602 581 3661 committatur
597 3616 627 3660 et
646 3602 741 3679 possit
759 3601 843 3678 exigi
860 3621 934 3659 cum
951 3601 1077 3670 effectu,
1098 3600 1254 3678 quotiens

23 3731 138 3776 contra
161 3716 306 3795 predicta
326 3716 438 3775 omnia
455 3731 485 3775 et
502 3717 642 3796 singula,
661 3718 707 3775 rel
726 3715 858 3794 aliquod
884 3715 1107 3795 predictorum
1128 3715 1252 3775 factum

24 3834 73 3892 vel
97 3847 232 3892 ventum
259 3832 373 3905 luerit,
397 3852 460 3912 qua
485 3833 666 3901 commissa,
693 3847 804 3891 exacta
840 3833 889 3891 vel
915 3852 990 3901 non,
1016 3830 1253 3890 nichilominus

24 3948 167 4027 predicta
191 3949 303 4007 omnia
327 3948 358 4006 in
384 3968 439 4006 sua
466 3961 679 4026 permaneant
705 3947 872 4007 firmitate.
956 3949 996 4006 ljr
1018 3967 1077 4026 pro
1101 3946 1255 4026 predictis

21 4065 176 4124 omnibus
198 4080 228 4124 et
251 4065 389 4143 singulis
421 4065 631 4124 observandis
654 4081 683 4124 et
711 4065 920 4124 attendendis
955 4063 1091 4143 predicti
1116 4061 1254 4122 Domini

22 4180 132 4239 omnia
157 4201 269 4241 eorum
296 4182 380 4240 bona
403 4181 462 4239 sibi
489 4181 627 4239 invicem
654 4183 723 4240 inre
747 4182 888 4260 pigneris
911 4181 1114 4258 obligarunt.
1211 4181 1255 4239 Et

24 4312 58 4355 ut
82 4297 226 4376 predicta
242 4298 316 4375 liga,
329 4298 463 4357 societas
476 4313 506 4357 et
525 4299 716 4357 fraternitas
741 4298 855 4356 melius
878 4299 1095 4356 observentur
1112 4309 1143 4354 et
1159 4315 1253 4354 suam

21 4414 194 4473 obtineant
209 4413 413 4482 firmitatem,
430 4415 472 4472 sic
490 4415 686 4471 iuraverunt
705 4413 872 4471 attendere
894 4428 924 4471 et
942 4413 1124 4478 obseruare,
1148 4424 1185 4469 ut
1203 4429 1256 4468 su-

22 4530 127 4577 ism-inc·
151 4529 275 4576 tlirrnna
302 4542 345 4576 est
380 4528 418 4576 ,ml
444 4543 553 4576 enrrrtzr
584 4528 638 4576 livi
668 4528 843 4576 Romulia
880 4541 967 4576 tarto
993 4527 1086 4576 libro.
