2874 4748
50 485 108 548 310
350 508 521 550 nectamur
545 509 604 549 rna
628 510 757 552 venosa
780 511 800 551 n
822 511 974 553 aaaron

123 723 274 804 Denique
296 723 545 784 consulentibus
568 724 683 786 multis
705 739 736 785 et
759 725 1000 787 detestantibus
1028 745 1092 807 que
1121 726 1205 789 facta
1229 727 1278 789 di·

40 853 165 900 cuntur
185 859 240 920 per
263 839 391 902 dictum
414 839 588 901 dominum
612 841 801 912 edbertum,
816 856 848 903 et
864 843 933 904 eius
950 843 1130 906 excessibus
1153 863 1278 906 memo·

41 957 130 1028 ratis,
152 959 185 1018 in
209 957 271 1017 hoc
293 957 468 1018 consilium
492 959 698 1023 unanimiter
719 973 766 1020 est
788 978 974 1022 concessum
1003 973 1034 1021 et
1056 975 1275 1034 conventum,

40 1074 129 1154 quod
151 1072 231 1133 dicti
247 1069 374 1135 domini
392 1073 637 1162 B(ardellonus)
654 1072 858 1156 Capitaneus
872 1089 904 1136 et
920 1074 1070 1155 Taginus
1086 1076 1155 1138 eius
1172 1077 1275 1140 irater

40 1190 186 1272 predicta
211 1190 377 1271 proposita
387 1190 439 1284 'de
462 1191 583 1252 litteris
604 1204 635 1251 et
659 1190 780 1252 nuntio
809 1174 936 1252 domini
968 1190 1171 1254 Marchionis
1199 1193 1277 1253 dili-

39 1318 154 1384 genter
175 1302 368 1364 examinent
397 1319 428 1363 et
451 1279 628 1364 advertant
651 1317 683 1364 et
704 1303 884 1364 secundum
908 1304 998 1382 quod
1022 1305 1066 1365 eis
1093 1305 1274 1378 videbitur,

39 1424 79 1483 ad
104 1423 346 1502 beneplacitum
375 1441 472 1482 suum
501 1443 537 1484 ea
569 1436 812 1504 prosequantur
834 1436 866 1483 et
896 1435 1004 1502 agent,
1027 1423 1078 1484 vel
1100 1423 1273 1495 omittant,

39 1555 138 1621 prout
161 1539 359 1601 desiderabit
383 1553 544 1620 respectus
565 1558 770 1600 successuum
793 1539 980 1601 meliorum.

66 1721 69 1728 ,
121 1656 254 1730 Quibus
277 1656 428 1717 Dominis
450 1655 592 1737 denique
605 1656 737 1736 negotio
749 1656 924 1736 diligenter
940 1656 1086 1737 inspecto
1102 1667 1133 1716 et
1149 1655 1273 1718 exami-

39 1788 129 1843 nat0‚
142 1774 266 1854 placuit
279 1773 369 1854 quod
390 1793 449 1854 ego
462 1771 657 1834 Adelberius
679 1772 831 1833 notarius
843 1787 873 1834 et
890 1773 1138 1854 Palavignonus
1150 1777 1272 1834 Amate

38 1891 160 1950 iremus
182 1890 222 1951 ad
245 1890 371 1951 dictum
385 1889 558 1951 dominum
585 1889 824 1960 Marchionem,
839 1889 961 1952 dicturi
978 1891 1067 1971 quod
1089 1891 1189 1952 verba
1210 1909 1271 1952 sua

39 2010 106 2056 tam
132 2015 188 2075 per
211 1995 349 2063 litteras,
371 2013 472 2074 quam
507 2014 562 2075 per
585 1993 747 2055 nuncium
771 1995 945 2076 explicata,
969 1995 1135 2074 generalia
1164 2009 1273 2063 erant.

37 2112 113 2171 licet
136 2124 278 2191 accepta,
311 2111 425 2170 suavia
448 2124 479 2170 et
504 2110 643 2190 placida,
665 2123 696 2172 et
720 2109 808 2190 quod
832 2111 859 2171 ei
884 2111 1024 2190 placeret
1058 2110 1098 2171 ad
1131 2109 1272 2191 speciale

35 2247 133 2288 suum
155 2227 326 2287 intentum
348 2226 602 2307 exprimendum
635 2226 891 2289 condescendere
912 2243 943 2289 et
967 2228 1001 2288 in
1023 2227 1153 2308 scriptis
1174 2247 1271 2288 suam

36 2345 257 2406 intentionem
282 2343 316 2403 in
338 2344 532 2424 specialibus
554 2343 687 2424 agendis
717 2345 857 2414 mittere,
880 2364 947 2424 quo
968 2344 1049 2405 dicti
1073 2343 1209 2405 Domini
1232 2342 1272 2404 de

36 2461 176 2521 Mantua
211 2461 284 2540 plus
316 2464 366 2533 (a)
397 2474 595 2540 cognoscant
629 2460 668 2520 de
701 2459 768 2520 eius
803 2460 932 2530 atl'ectu,
953 2474 996 2530 et,
1022 2460 1048 2519 si
1070 2457 1272 2519 sufficienter

36 2577 219 2658 providerit
242 2590 273 2638 et
295 2576 460 2657 scripserit
489 2576 597 2636 dictus
619 2577 774 2637 dominus
799 2576 949 2637 lvlarchio
973 2596 1034 2658 pro
1062 2575 1188 2636 honore
1208 2595 1272 2637 suo

34 2707 66 2755 et
89 2695 223 2754 comuni
259 2694 346 2754 bono
368 2706 400 2753 et
423 2691 546 2764 fructu,
569 2706 756 2773 acceptetur
780 2713 836 2773 per
853 2694 947 2774 ipsos,
968 2706 1011 2764 et,
1033 2693 1059 2752 si
1081 2690 1210 2771 aliquid
1226 2691 1273 2752 eis

35 2811 187 2871 videatur
210 2810 410 2878 addendum,
435 2810 553 2870 addere
576 2810 709 2890 possint.

115 2929 156 2988 Et
180 2927 302 2986 ivimus
324 2941 354 2986 et
379 2928 419 2986 ab
450 2927 518 3007 ipso
541 2925 677 2990 domino
701 2926 890 2986 Marchioni
921 2925 1154 2996 intelleximus,
1177 2924 1269 3004 quod

32 3044 102 3103 eius
123 3055 194 3101 erat
219 3041 424 3122 propositum
454 3061 485 3101 se
514 3058 544 3102 et
570 3043 705 3103 fratrem
728 3061 823 3101 suum
847 3046 945 3114 (1)et
973 3061 1032 3102 sua
1055 3041 1168 3101 omnia
1191 3059 1270 3101 con-

34 3158 145 3218 cedere
167 3171 197 3216 et
221 3159 429 3218 committere
451 3158 546 3218 dictis
571 3158 721 3218 Dominis
754 3158 926 3218 nostriset
949 3157 1063 3227 decis,
1093 3168 1129 3216 ut
1154 3156 1268 3218 amicis

34 3275 162 3335 intimis
185 3289 215 3335 et
240 3275 424 3345 carissimis,
442 3275 474 3334 in
493 3289 688 3355 perpetuum
713 3275 874 3335 confidere
890 3289 921 3335 et
940 3275 1043 3335 lacere
1065 3288 1095 3334 et
1118 3292 1268 3334 exercere

34 3391 225 3464 liberaliter,
248 3390 405 3470 quicquid
423 3391 467 3450 eis
482 3391 597 3452 debeat
618 3392 689 3470 plus
712 3392 854 3470 place1·e;
876 3404 906 3450 et
930 3391 968 3451 de
991 3390 1060 3450 eius
1079 3388 1269 3450 intentione

35 3507 129 3567 nobis
152 3507 240 3567 dedit
263 3507 448 3586 inscriptis
471 3508 503 3568 in
529 3508 587 3568 bac
613 3508 727 3568 l'orma.

117 3623 262 3683 Intentio
285 3625 380 3703 plena
405 3624 531 3683 domini
555 3624 758 3684 Marchionis
789 3639 834 3684 est
858 3627 1032 3704 antiquam
1056 3638 1086 3684 et
1109 3622 1269 3701 antiqua·

34 3754 100 3799 tarn
125 3739 307 3800 amicitiam
331 3752 360 3798 et
387 3739 645 3799 benivolentiam
681 3739 830 3800 habitam
863 3743 947 3799 inter
982 3738 1120 3799 maiores
1147 3737 1268 3798 domus

37 3855 177 3915 listensis
193 3870 223 3914 et
240 3855 378 3915 maiores
404 3855 622 3915 Domitiorum
640 3856 677 3915 de
694 3855 791 3916 domo
804 3856 842 3914 de
867 3855 1063 3925 Bonacolsis‚
1075 3871 1172 3935 puro,
1188 3872 1268 3913 vero

30 3986 62 4032 et
86 3971 212 4031 sincero
236 3991 346 4031 amore
366 3974 536 4042 innovare,
560 3993 722 4054 reparare,
739 3972 942 4032 consolidare
964 3986 994 4033 et
1017 3973 1218 4051 reintegrate
1234 3986 1267 4033 et

33 4103 192 4149 tractatas
225 4090 409 4168 parentelas
432 4091 594 4169 complere
623 4105 654 4151 ct
685 4092 768 4152 inire
793 4091 895 4151 facere
918 4105 948 4151 et
970 4089 1166 4152 contrahere
1188 4108 1266 4150 cum

33 4205 199 4264 nobilibus
223 4206 301 4263 viris
323 4205 465 4265 dominis
491 4205 717 4281 Blardellono)
742 4207 926 4286 Capitaneo
954 4209 1103 4277 ttantue,
1124 4225 1185 4267 suo
1207 4227 1267 4269 no·
