2856 4808
53 464 109 544 378
209 544 213 550 ι
354 486 523 529 antazrour
549 489 608 528 aaa
632 489 760 530 varona
784 490 802 528 a
826 490 978 531 urarovr

50 713 79 755 et
103 695 267 775 disponat,
288 717 342 758 seu
368 698 436 759 lieri
461 700 558 760 saciat
580 699 692 761 omnia
709 713 740 761 et
755 700 896 781 singula,
912 720 975 782 que
999 701 1065 782 ipsa
1079 702 1214 765 domina
1230 723 1284 764 or-

49 813 179 873 dinavit
202 832 275 874 cum
301 815 448 895 predicto
479 836 538 877 suo
572 816 654 888 vir0,
676 818 765 897 quod
793 816 886 877 iussit
909 831 939 878 et
964 818 1071 878 voluit
1094 817 1164 879 fieri
1187 819 1283 879 debe·

51 946 93 987 re.
177 927 258 1014 ltem
283 928 358 990 lecit
380 929 466 991 dicta
490 930 624 992 domina
648 931 845 992 Constantia
869 932 1016 1012 predicto
1038 932 1175 995 domino
1199 932 1279 994 Gui-

48 1040 127 1100 doni
152 1040 223 1101 viro
245 1062 304 1102 suo
326 1042 551 1115 donationem,
567 1063 663 1104 causa
678 1045 802 1112 mortis,
818 1044 856 1106 de
869 1045 933 1105 illis
949 1045 1096 1106 millibus
1114 1046 1279 1106 librarum

50 1175 229 1236 parvorum
255 1158 493 1221 Veronensium
510 1160 577 1220 sive
601 1161 876 1233 Mantuanorum,
892 1181 974 1242 quas
996 1163 1103 1222 dictus
1125 1161 1283 1222 dominus

51 1272 164 1334 Guido
187 1276 306 1356 recepit
331 1277 364 1336 in
388 1278 498 1338 dotem
521 1297 574 1338 seu
600 1278 734 1339 nomine
757 1278 842 1338 dotis
857 1299 874 1338 a
892 1278 1037 1359 predicta
1061 1261 1196 1339 domina
1211 1278 1281 1338 sive

51 1409 68 1448 a
91 1388 180 1450 dieto
203 1405 296 1470 patre
317 1411 376 1451 suo
399 1392 534 1453 domino
557 1392 706 1462 Alberto,
721 1411 780 1452 suo
804 1392 947 1463 nomine,
965 1393 1014 1454 vel
1037 1412 1097 1474 pro
1114 1413 1161 1463 ea,
1177 1392 1210 1453 in
1228 1412 1281 1472 pe·

50 1507 149 1565 cunia
171 1507 251 1594 sive
271 1508 366 1567 rebus
398 1508 575 1576 extimatis,
598 1521 629 1569 et
652 1521 831 1588 augmento
864 1510 967 1570 doctis
990 1509 1077 1571 facto
1097 1509 1199 1570 eidem
1223 1512 1281 1568 do-

51 1622 149 1691 mine,
171 1637 202 1683 et
225 1623 463 1685 donationibus
485 1640 619 1706 propter
642 1627 753 1686 nutias
776 1625 870 1687 lactis
895 1626 1038 1707 predicte
1060 1626 1200 1696 domine,
1223 1644 1280 1705 per

51 1739 233 1817 predictum
258 1741 326 1801 eius
349 1742 470 1811 virum,
501 1743 650 1802 ocasione
672 1741 758 1802 dotis
780 1757 811 1803 et
834 1743 1004 1821 augmenti
1038 1742 1123 1803 dotis
1155 1739 1279 1821 predic-

50 1871 161 1916 tarum
171 1876 178 1929 ;
204 1859 391 1939 relinquens
407 1858 553 1939 predicta
568 1857 703 1919 domina
720 1857 917 1920 Constantia
941 1859 1029 1919 dieto
1044 1858 1178 1918 domino
1194 1850 1279 1917 Gui-

49 1974 128 2034 doni
151 1978 219 2035 eius
243 1976 315 2037 viro
337 1978 467 2058 plenam
492 1976 723 2037 liberationem
746 1992 776 2037 et
800 1977 1041 2038 absolutionem
1064 1976 1102 2037 de
1125 1973 1280 2056 predictis

49 2091 136 2162 dote,
159 2108 339 2173 augmento
360 2093 447 2153 dotis
461 2109 491 2154 et
508 2093 746 2154 donationibus
762 2108 895 2173 propter
919 2093 1052 2172 nuptias
1073 2090 1282 2173 supradictis

51 2226 87 2267 ae
103 2208 218 2268 iubens
231 2223 260 2268 et
276 2210 396 2278 volens,
420 2208 507 2288 quod
530 2208 641 2269 omnia
656 2223 685 2268 et
698 2209 828 2287 singula
844 2208 1030 2288 supradicta
1056 2208 1279 2268 instrumenta

51 2322 220 2402 loquentia
240 2325 277 2384 de
293 2325 378 2394 dote,
395 2340 574 2404 augmento
587 2325 672 2385 dotis
695 2340 725 2384 et
746 2323 983 2384 donationibus
995 2338 1128 2403 propter
1146 2321 1280 2403 nuptias

49 2441 247 2519 supradietis
278 2442 344 2501 sint
368 2462 452 2501 cassa
476 2458 507 2501 et
531 2462 615 2501 sarna
640 2455 670 2500 et
696 2442 819 2500 nullius
842 2440 963 2500 valoris
995 2439 1125 2519 penitus
1153 2458 1190 2499 ac
1214 2457 1279 2498 mo-

52 2571 173 2616 mento.
237 2556 311 2628 Que
333 2557 444 2616 omnia
469 2573 499 2617 et
522 2557 650 2636 singula
671 2556 859 2635 supradicta
885 2555 1011 2635 prelata
1034 2555 1168 2615 domina
1193 2553 1281 2614 Con·

50 2675 173 2733 stantia
196 2674 379 2744 nraradarit,
401 2675 493 2733 iussit
517 2689 547 2734 et
572 2674 678 2734 voluit
703 2675 808 2733 valere
831 2687 862 2732 et
885 2687 994 2733 tenere
1016 2686 1047 2733 et
1070 2670 1139 2731 lieri
1162 2671 1281 2730 debere

52 2792 120 2852 iure
144 2792 332 2851 donationis
354 2812 449 2850 tareisa
467 2793 582 2851 mortis
604 2805 633 2851 et
657 2793 748 2850 omni
769 2792 833 2850 alio
851 2791 919 2850 iure
932 2803 963 2851 et
986 2789 1093 2857 modo,
1108 2787 1196 2867 quod
1215 2806 1282 2846 me-

51 2910 113 2970 lius
137 2910 243 2970 valere
266 2925 296 2969 et
322 2925 430 2969 tenere
454 2924 567 2989 potest.
632 2909 711 2969 ltem
739 2908 814 2967 latit
838 2907 1051 2967 donationem
1067 2906 1105 2965 de
1123 2903 1280 2964 omnibus

53 3027 172 3095 bestiis,
193 3041 252 3085 etc.
275 3033 334 3097 (a).

132 3255 253 3310 Actum
279 3250 311 3309 in
335 3250 433 3309 domo
455 3250 582 3309 domini
606 3249 793 3330 Capitanei,
817 3246 1020 3326 presentibus
1041 3243 1175 3304 domino
1199 3242 1280 3303 Gui-

51 3370 161 3429 lielmo
184 3369 222 3427 tle
246 3368 423 3436 assumtis,
455 3368 592 3427 domino
616 3368 771 3427 (luidone
794 3365 831 3424 de
855 3365 882 3423 la
909 3363 1023 3430 'l'urri‚
1055 3361 1193 3420 Alberto
1218 3358 1283 3419 Re-

50 3486 134 3555 sinri‚
160 3486 275 3543 Iacobo
298 3484 335 3542 de
360 3484 477 3553 Gerlis,
502 3483 650 3543 Borutldo
674 3484 741 3543 lilio
759 3482 959 3547 borussiae,
980 3477 1162 3538 Guidolino
1177 3495 1284 3555 quon·

51 3604 125 3663 uam
162 3602 290 3661 Alberti
313 3616 344 3660 et
368 3601 499 3680 ¹Nlogara
530 3602 567 3660 de
599 3601 712 3659 Pisnlis
744 3599 882 3657 condam
915 3595 1048 3656 Sterani
1075 3607 1105 3652 et
1131 3592 1283 3652 Iohanne

51 3718 209 3800 pelipario
232 3719 269 3777 de
295 3717 468 3776 lionl'antis
490 3734 520 3777 et
546 3717 649 3775 llaldn
671 3716 809 3775 condam
836 3713 1020 3773 l'inturini.
