2858 4792
102 489 156 550 130
398 507 569 550 nnnnzrom
593 509 652 548 ran
676 507 804 548 verona
826 508 845 557 E
869 507 1019 548 naurova

180 719 290 800 [Xlll]
313 718 361 781 De
390 720 511 801 quibus
531 718 686 780 omnibus
716 719 818 792 factis,
847 717 916 780 fieri
939 719 1080 781 debeant
1106 719 1329 781 instrumenta

100 836 243 918 publica,
272 836 404 917 scripta,
426 836 477 896 vel
498 836 680 916 subscripta
708 855 764 917 per
799 835 947 897 notarios
977 834 1114 897 llantue
1137 850 1167 897 et
1192 834 1332 907 Verone,

99 955 157 1034 qui
181 952 317 1014 luerunt
340 952 379 1013 ad
403 952 604 1032 coloquium.

488 1281 601 1336 NOTA
629 1281 947 1339 ILLusTRnTwn.

171 1493 220 1548 Ad
240 1492 451 1549 illustrazione
470 1494 553 1549 della
571 1505 659 1567 parte
679 1497 736 1550 che
757 1496 807 1550 nei
828 1496 1007 1566 precedenti
1022 1496 1198 1550 documenti
1218 1500 1235 1548 'e
1256 1495 1334 1550 satta

101 1617 119 1655 a
138 1598 286 1655 Giacomo
306 1601 346 1655 da
364 1601 521 1669 Cesarina,
533 1618 550 1656 e
564 1618 582 1656 a
595 1620 693 1674 prova
712 1602 794 1657 delle
814 1601 961 1656 relazioni
982 1601 1168 1656 amichevoli
1182 1602 1214 1656 in
1228 1603 1332 1673 questi

101 1704 250 1760 momenti
269 1705 411 1760 esistenti
433 1706 478 1761 fra
498 1724 567 1761 esso
587 1726 604 1762 e
625 1707 759 1762 ltlastino
780 1707 863 1762 della
882 1706 981 1774 Scala,
1008 1706 1139 1776 piacemi
1166 1707 1288 1762 riferire
1309 1708 1333 1762 il

100 1820 248 1882 seguente
263 1814 450 1868 documento
462 1815 491 1868 di
505 1832 645 1887 procura,
664 1811 821 1870 rilaseiato
842 1815 881 1869 da
902 1813 1036 1868 lllastino
1050 1813 1078 1868 al
1093 1814 1247 1882 Cesarina,
1258 1814 1331 1869 addi

102 1919 247 1989 161uglio
270 1919 346 1990 1275.
377 1920 420 1988 (S.
440 1921 544 1976 illaria
563 1924 594 1976 in
617 1921 752 1992 Organo,
781 1921 881 1975 rotolo
909 1939 937 1975 n.
958 1921 1025 1990 750;
1050 1921 1179 1975 Antichi
1199 1922 1332 1976 Archivi

103 2026 274 2095 Veronesi).

183 2224 229 2299 (S.
242 2223 296 2302 T.)
311 2223 370 2283 Die
382 2224 497 2283 martis
512 2224 730 2284 sextodecimo
746 2223 829 2300 iulii,
885 2245 980 2305 super
1005 2226 1131 2306 palacio
1150 2225 1251 2286 reteri
1270 2224 1336 2285 Co·

103 2337 214 2398 munis
238 2337 385 2406 Mantue,
408 2335 441 2395 in
461 2355 587 2396 camera
611 2336 790 2416 potestatis,
874 2338 1077 2418 presentibus
1099 2339 1233 2398 domino
1256 2338 1336 2399 Ber·

106 2453 210 2513 nardo
226 2453 264 2513 de
281 2453 483 2513 Altemanno
499 2453 607 2532 legum
625 2454 764 2524 doctore,
780 2453 916 2513 domino
934 2454 1336 2515 lohannedeFlambertis

105 2571 143 2630 de
176 2569 327 2638 Verona,
360 2569 494 2629 domino
529 2569 677 2629 Gerardo
707 2570 745 2629 de
769 2570 890 2630 Guisco
916 2570 954 2630 de
978 2571 1118 2631 Mantua
1141 2571 1278 2631 testibus
1300 2588 1333 2632 et

104 2687 184 2746 aliis.
268 2686 295 2746 (l
323 2683 484 2744 Dominus
508 2683 669 2743 Mastinus
694 2683 766 2744 lecit
784 2684 956 2744 constituit
974 2700 1073 2764 atque
1094 2685 1263 2745 ordinarit
1280 2685 1334 2745 do-

104 2802 232 2861 minum
253 2801 406 2861 iacobum
423 2799 460 2859 ele
474 2798 628 2858 Cesarina
645 2818 741 2858 suum
759 2812 884 2859 certum
902 2802 1063 2860 nuncium
1087 2815 1117 2861 et
1142 2814 1334 2881 procurato-

104 2939 182 2988 rem,
198 2931 379 2996 presentem
397 2931 426 2977 et
445 2915 665 2995 recipientem,
682 2915 721 2975 ael
737 2935 849 2975 omnes
862 2932 1052 2976 contractus
1075 2917 1284 2977 celebrandos
1300 2931 1333 2978 et

105 3033 332 3112 obligationes,
345 3032 576 3112 stipulationes
592 3047 622 3091 et
637 3032 863 3110 promissiones
881 3032 1043 3091 faciendas
1059 3046 1089 3092 et
1104 3032 1336 3111 suscipiendas

106 3154 212 3222 reales,
235 3152 417 3232 personales
439 3165 469 3211 et
493 3151 621 3230 penales
654 3149 890 3228 cuiuscumque
924 3153 1050 3230 generis
1076 3164 1106 3210 et
1130 3152 1333 3228 quantitatis

104 3288 163 3348 pro
187 3270 254 3346 ipso
277 3268 411 3326 domino
436 3267 579 3327 blastino
602 3280 631 3325 et
657 3266 789 3325 nomine
822 3266 922 3344 ipsius
946 3265 1071 3325 domini
1098 3265 1232 3325 blastini
1255 3284 1333 3325 curn

104 3384 365 3463 quibuscumque
378 3385 531 3462 personis.
615 3383 656 3442 Et
673 3382 712 3440 ad
730 3382 917 3441 iuramenta
941 3381 1126 3460 recipienda
1142 3400 1200 3460 pro
1218 3382 1332 3442 eodem

105 3499 240 3559 domino
265 3499 407 3559 blastino
431 3500 470 3558 ab
494 3499 565 3557 aliis
588 3513 617 3558 et
641 3517 699 3577 pro
722 3499 790 3578 ipso
817 3499 849 3556 in
881 3498 1022 3557 eiusdem
1048 3497 1157 3557 anima
1185 3497 1334 3558 iacienda

105 3617 184 3676 aliis.
269 3614 486 3675 Concedentio
508 3615 611 3674 eitlem
637 3614 758 3673 nuncio
788 3628 818 3674 et
851 3613 1058 3692 procuratori
1086 3615 1214 3693 plenam
1239 3596 1338 3693 gene-

107 3735 218 3803 ralem,
242 3732 471 3801 universalem,
504 3732 639 3791 liberam
676 3744 869 3811 potestatem
904 3734 936 3789 in
967 3732 1121 3790 omnibns
1143 3744 1173 3789 et
1196 3731 1338 3806 singulis

105 3847 301 3925 supradictis
314 3846 490 3925 agenelis'et
503 3845 665 3912 iaciendis,
682 3843 915 3904 contrahendis
931 3860 960 3904 et
978 3844 1135 3923 gerendis,
1150 3846 1231 3903 sicut
1246 3844 1335 3905 idem

107 3962 260 4021 dominus
284 3962 446 4021 blastinus
459 3981 513 4041 per
530 3982 559 4019 se
573 3960 679 4039 ipsum
697 3977 726 4020 et
744 3980 848 4040 prose
869 3960 936 4040 ipso
961 3960 1063 4019 lacere
1080 3975 1193 4040 potest.
1260 3959 1339 4020 Pro-

107 4077 242 4138 mittens
264 4077 351 4136 elicto
376 4079 497 4136 mincio
520 4091 550 4136 et
574 4078 780 4155 procuratori
804 4077 979 4155 stipulanti
1009 4097 1067 4155 pro
1090 4096 1120 4135 se
1143 4091 1174 4136 et
1198 4076 1337 4138 nomine

106 4201 253 4255 omnium
269 4210 298 4254 et
311 4196 517 4271 singulorum
532 4213 673 4273 qnorum
689 4194 840 4253 interesse
858 4210 959 4273 posset
979 4215 1008 4253 se
1025 4208 1134 4251 ratum
1152 4208 1181 4252 et
1198 4191 1335 4256 tirmum

108 4312 302 4371 habiturum
326 4311 435 4369 omnia
453 4326 483 4369 et
499 4310 627 4388 singula
642 4330 846 4388 quecumque
864 4327 945 4379 acta,
965 4324 1061 4388 gesta,
1081 4322 1262 4378 contracta,
1278 4329 1336 4369 seu

105 4428 352 4507 quomodolibet
371 4427 455 4486 lacta
475 4428 596 4486 luerint
616 4446 669 4505 per
687 4442 933 4506 procuratorem
960 4427 1142 4504 predictum
1167 4445 1242 4484 cum
1260 4426 1339 4504 qui-

108 4545 464 4590 lrrrer‘rrrrnrrn‘mummi<
491 4545 549 4590 ertit
567 4544 768 4590 nliliwttlnne
792 4560 821 4590 vr
847 4543 1003 4590 ernrrlwmr
1030 4544 1179 4590 ,santium
1197 4561 1337 4590 <trorum
