2858 4792
108 445 163 508 128
410 468 581 510 nntrzrom
605 469 664 509 rna
689 468 818 511 eunoun
841 469 860 508 Ε
883 466 1034 509 ururova

102 699 203 761 prope
223 679 264 741 ad
281 699 386 742 unum
410 681 548 752 miliare,
570 682 610 743 ad
627 681 770 744 confines
785 684 959 763 utriusque
978 679 1150 752 Comunis‚
1170 697 1273 761 usque
1293 679 1336 740 ad

102 795 211 857 ·Xv·
234 815 338 858 annos
359 811 391 860 et
414 810 510 860 tanto
543 799 625 879 plus,
647 813 775 880 quanto
797 797 1004 880 providerint
1027 799 1060 859 in
1083 795 1258 859 concordia
1282 815 1335 856 ar·

103 911 181 974 birri
197 912 337 993 eligendi
361 932 417 993 per
439 914 634 995 utriumque
656 913 818 977 Comune.

182 1029 258 1109 [Vl]
283 1029 364 1092 Item
380 1029 469 1111 quod
484 1030 636 1093 Comune
652 1031 791 1101 Verone,
810 1031 862 1092 vel
883 1031 947 1092 alia
961 1049 1109 1111 persona,
1131 1029 1181 1090 vel
1203 1028 1335 1091 univer·

100 1146 179 1206 sitas
205 1164 264 1226 pro
286 1145 376 1209 dicto
398 1145 544 1208 Comuni
575 1167 640 1209 non
666 1146 824 1228 impediat
839 1147 1013 1208 dominum
1038 1145 1270 1208 Pinamontem
1293 1145 1334 1205 de

103 1259 308 1322 Bonaccolsis
319 1273 350 1322 et
362 1279 436 1322 suos
448 1260 530 1322 filios
545 1275 576 1323 et
593 1261 724 1324 heredes
746 1263 781 1322 in
805 1275 921 1324 tenuta
937 1274 969 1323 et
985 1261 1179 1342 possessione
1191 1274 1223 1322 et
1238 1261 1333 1342 quasi

99 1389 132 1438 et
155 1375 226 1436 iure
247 1389 280 1438 et
302 1376 539 1448 iurisdictione,
569 1397 624 1440 seu
648 1377 741 1459 quasi
764 1389 795 1439 et
818 1376 1068 1451 consuetudine,
1095 1377 1129 1438 in
1153 1396 1219 1457 qua
1243 1395 1334 1438 nunc

99 1504 146 1554 est
169 1491 254 1554 idem
278 1491 433 1555 dominus
454 1493 635 1555 Pinamons
664 1493 699 1554 in
729 1507 816 1556 terra
841 1507 872 1556 et
894 1494 934 1556 de
959 1508 1047 1556 terra
1070 1493 1169 1556 castri
1190 1513 1246 1556 seu
1270 1493 1334 1554 loci

101 1606 286 1670 Castellarii
309 1621 341 1671 et
361 1607 430 1669 eius
452 1610 551 1680 curie,
572 1624 604 1671 et
627 1609 715 1691 quod
740 1608 845 1690 ipsum
865 1608 1017 1670 Comune
1042 1609 1180 1680 Verone,
1197 1607 1247 1670 vel
1265 1607 1331 1670 alia

100 1741 237 1804 persona
260 1722 310 1784 vel
334 1721 532 1783 universitas
560 1742 619 1803 pro
647 1723 717 1803 ipso
746 1722 892 1784 Comuni
915 1722 1043 1784 Veroue
1072 1741 1140 1784 non
1171 1734 1259 1804 petet
1281 1727 1334 1795 (a)

97 1851 255 1910 castrum,
274 1857 329 1898 seu
354 1837 519 1899 forticiam
535 1851 566 1899 et
585 1851 706 1899 terram
725 1851 756 1898 et
772 1837 899 1899 curiam
923 1837 1009 1898 dicte
1027 1850 1114 1899 terre
1132 1835 1334 1906 Castellarii,

97 1967 145 2015 set
168 1953 267 2016 libere
289 1953 317 2016 ei
341 1953 489 2015 dimittet
499 1974 506 2028 ;
540 1967 571 2015 et
600 1956 706 2035 ipsum
742 1953 915 2016 dominum
940 1952 1174 2015 Pinamontem
1204 1967 1236 2015 et
1257 1971 1334 2014 suos

99 2069 182 2131 filios
203 2086 234 2134 et
258 2069 389 2132 heredes
412 2085 442 2132 et
466 2070 539 2131 illos
568 2070 606 2132 de
639 2072 738 2132 domo
758 2090 816 2132 sua
841 2069 992 2132 Comune
1016 2071 1145 2132 Verone
1168 2069 1332 2132 deffendet

97 2200 129 2250 et
152 2187 345 2249 deffensabit
368 2187 453 2248 bona
478 2185 549 2257 fide,
570 2187 639 2247 siue
663 2186 787 2257 fraude,
810 2187 844 2248 in
861 2200 977 2248 tenuta
1000 2201 1032 2249 et
1055 2185 1259 2266 possessione,
1274 2205 1332 2246 seu

98 2305 203 2386 quasi,
224 2315 255 2365 et
279 2306 349 2364 iure
380 2317 411 2364 et
446 2302 671 2363 iurisdictione
702 2322 757 2362 seu
780 2303 874 2391 quasi
907 2301 992 2363 dicte
1025 2315 1109 2363 terre
1132 2315 1163 2363 et
1186 2300 1275 2363 curie
1298 2317 1332 2363 et

51 2430 54 2434 ’
99 2421 222 2500 guarde
244 2439 280 2481 ac
305 2419 506 2500 pertinencie
530 2418 726 2490 Castellarii,
748 2420 839 2479 salvo
861 2419 949 2499 quod
971 2420 996 2480 si
1020 2419 1131 2498 aliqua
1153 2416 1334 2498 singularis

99 2556 235 2618 persona
259 2536 356 2597 vellet
379 2535 450 2595 iure
475 2534 686 2614 proprietatis
709 2534 836 2615 aliquid
860 2549 978 2614 petere,
1002 2535 1131 2595 ratione
1153 2532 1232 2594 dicti
1256 2532 1332 2604 loci,

99 2668 184 2716 terre
206 2667 237 2714 et
260 2651 359 2722 curie,
388 2652 429 2712 ab
459 2650 527 2731 ipso
550 2649 686 2712 domino
719 2650 927 2721 pinamonte,
960 2651 1010 2711 vel
1034 2651 1103 2712 eius
1133 2649 1208 2711 filiis
1229 2648 1276 2729 (b)
1297 2664 1332 2710 et

98 2768 272 2831 heredibus
294 2767 344 2828 vei
367 2767 440 2829 aiiis
462 2766 500 2826 de
522 2767 620 2827 domo
642 2786 710 2837 sua,
743 2787 853 2828 eoram
888 2766 995 2828 iudice
1017 2765 1215 2847 competenti
1238 2779 1271 2824 et
1294 2766 1331 2824 in

99 2885 171 2946 soro
192 2885 392 2963 competenti
416 2884 514 2965 possit
537 2903 631 2962 agere
653 2896 683 2943 et
708 2898 813 2964 petere
838 2884 887 2944 vel
911 2903 1020 2944 coram
1043 2882 1174 2943 duobus
1195 2881 1335 2944 arbitris

99 3021 154 3082 per
179 2999 374 3078 utriumque
397 2998 548 3060 Comuue
570 2999 734 3078 eligendis.

177 3115 268 3193 [VII]
294 3114 374 3175 Item
388 3116 475 3195 quod
488 3130 590 3176 strata
608 3116 788 3195 dirrigatur
805 3117 843 3177 de
860 3136 925 3177 una
943 3117 1077 3179 civitate
1094 3116 1133 3177 ad
1151 3115 1336 3187 aliam,sci-

101 3232 174 3291 licet
197 3252 213 3291 a
237 3232 371 3290 civitate
394 3231 532 3291 Mantue
555 3231 678 3292 directo
701 3231 741 3291 ad
771 3245 893 3292 terram
925 3231 1121 3301 Castellarii,
1142 3245 1174 3293 et
1200 3251 1216 3290 a
1242 3244 1333 3291 terra

99 3345 285 3407 Casteliarii
298 3364 353 3426 per
372 3345 493 3407 dictam
513 3359 633 3407 terram
652 3347 691 3407 ad
706 3360 826 3408 terram
854 3348 960 3408 insule
979 3347 1151 3408 Comitum
1164 3359 1225 3408 eta
1243 3360 1334 3406 terra

100 3460 207 3522 insule
220 3479 275 3540 per
292 3460 414 3521 dictam
435 3475 556 3521 terram
574 3461 613 3520 ad
630 3461 799 3522 civitatem
825 3461 963 3532 Veroue,
979 3463 1087 3523 eundo
1103 3478 1133 3522 et
1151 3461 1334 3530 redeund0,

97 3593 128 3639 et
141 3577 350 3638 custodiatur
374 3578 460 3638 dicta
477 3592 581 3639 strata
600 3593 630 3639 et
649 3591 800 3639 tencatur
823 3599 933 3639 secura
952 3599 1007 3659 per
1026 3579 1176 3639 Comune
1200 3576 1333 3640 Verone

100 3715 199 3775 usque
223 3695 262 3755 ad
286 3713 406 3774 aquam
441 3695 560 3755 Teioui
594 3710 764 3756 curentem
800 3699 892 3758 iuxta
916 3697 1043 3756 curiam
1078 3694 1264 3756 Casteilarii
1298 3711 1332 3757 et

100 3812 241 3872 maxime
264 3809 303 3871 ad
328 3830 478 3891 aggerem
508 3811 604 3874 castri
635 3811 782 3872 Sabioni.
885 3828 915 3872 et
941 3811 1093 3872 Comune
1118 3811 1256 3872 Mantus
1279 3829 1334 3871 cu·

97 3926 218 3987 stodire
235 3926 348 3986 debeat
364 3939 394 3985 et
409 3940 518 3985 tenere
530 3945 677 3985 securam
696 3926 818 3987 dictam
840 3941 979 3988 stratam
998 3949 1014 3987 a
1031 3927 1166 3987 civitate
1190 3925 1333 3988 Mantue

101 4063 200 4121 usque
213 4043 253 4101 ad
268 4041 388 4101 dictam
404 4061 522 4120 aquam
537 4054 567 4100 et
582 4041 689 4101 locum
706 4042 785 4102 dicti
800 4043 923 4121 aggeris
938 4043 1033 4103 castri
1059 4043 1204 4104 Sabloni.
1283 4043 1331 4104 ita

96 4159 186 4237 quod
211 4158 362 4219 Comune
390 4158 517 4217 Veroue
548 4172 701 4217 teneatur·
725 4159 899 4218 emendare
921 4159 1054 4229 damna,
1076 4178 1139 4238 que
1168 4158 1334 4220 darentur

100 4276 211 4335 dedic
234 4276 267 4334 iu
291 4274 403 4353 aliqua
427 4288 518 4354 parte
542 4273 626 4332 dicte
642 4288 752 4344 strare,
769 4295 831 4354 que
853 4276 947 4336 debet
962 4276 1120 4336 custodiri
1145 4295 1199 4355 per
1223 4275 1333 4355 ipsum

100 4390 251 4450 Comune
277 4389 413 4459 Vnone,
438 4403 468 4448 et
493 4388 642 4449 Comuue
668 4391 804 4451 Mantue
834 4407 986 4452 tenentur
1012 4391 1184 4451 emendare
1207 4390 1336 4463 danna,

99 4527 162 4585 que
185 4506 346 4567 darentur
370 4507 406 4564 dc
430 4506 479 4565 die
504 4505 535 4563 iu
561 4506 671 4583 aliqua
703 4522 793 4585 parte
825 4507 908 4567 dicte
932 4523 1043 4575 strare,
1072 4527 1133 4586 que
1162 4505 1256 4567 debet
1282 4526 1337 4568 cu·
