2856 4808
610 441 680 482 noe.
704 441 807 482 nxvrr:
835 421 909 482 1306
1318 421 1374 482 383

148 548 732 557 -ῇ--ψ--ῇῇ--ὺ
746 548 758 553 -
771 548 782 553 -
790 548 911 554 ...η-...φ

142 661 273 730 marit0,
294 679 354 721 suo
378 673 524 736 tempore
546 655 714 716 cellebrati
731 667 761 714 et
780 654 943 713 contracti
968 654 1178 730 matrimoni;
1201 656 1287 715 inter
1310 675 1373 718 eos.

144 777 217 849 Que
239 775 373 857 quidem
396 773 544 855 quinque
567 773 670 832 millia
702 771 864 831 librarum
888 770 973 831 idem
1003 770 1158 832 dominus
1182 771 1294 833 Guido
1318 771 1374 833 ha-

144 891 217 952 bere
239 890 334 951 debet
356 903 387 950 et
410 888 444 949 in
468 886 589 966 quibus
613 887 709 947 habet
734 885 817 956 iura,
840 905 923 945 cessa
947 905 1002 965 per
1030 887 1236 948 antedictam
1270 887 1375 949 domi-

144 1025 235 1067 mum
260 1005 437 1066 Albertum
460 1003 498 1063 de
521 1003 552 1062 la
576 1001 669 1064 Scala
692 1016 723 1065 et
747 1001 851 1081 ipsam
884 1001 1054 1062 dominam
1078 1002 1314 1065 Constanciam
1339 1004 1372 1066 in

143 1122 236 1183 bonis
257 1133 288 1184 et
311 1135 426 1182 contra
452 1120 536 1180 bona
560 1117 699 1178 condam
723 1117 803 1178 dicti
819 1116 944 1178 domini
964 1117 1168 1178 Marchionis
1189 1131 1220 1179 et
1243 1119 1375 1180 heredes

141 1239 242 1320 ipsias
262 1254 294 1300 et
317 1239 483 1299 dictorum
507 1236 671 1297 bonorum
705 1255 904 1315 possessores,
928 1254 987 1315 pro
1009 1236 1251 1316 complemento
1273 1248 1304 1296 et
1327 1257 1375 1296 sa·

142 1355 329 1417 tisfactione
351 1354 436 1415 dotis
457 1353 518 1413 sibi
552 1352 688 1413 domino
722 1351 871 1413 Guidoni
898 1365 1059 1413 convente
1082 1365 1113 1413 et
1137 1354 1292 1432 promisse
1315 1373 1375 1433 pro

141 1471 227 1532 dicta
250 1471 385 1532 domina
408 1468 609 1530 Constancia
631 1483 663 1529 et
685 1469 891 1548 sponsalibus
915 1470 1024 1548 ipsius,
1044 1483 1190 1548 tempore
1212 1489 1279 1548 quo
1302 1489 1372 1530 eam

142 1587 292 1647 traduxit
315 1587 350 1646 in
372 1605 519 1655 uxorem,
541 1583 720 1644 secundum
745 1599 775 1644 et
801 1599 898 1664 prout
922 1586 960 1643 de
984 1585 1137 1664 predictis
1163 1599 1292 1646 constat
1316 1605 1375 1665 pu·

144 1703 228 1764 blico
250 1703 473 1764 instrumento
495 1703 617 1781 scripto
651 1721 706 1781 per
739 1700 967 1761 Rolandinum
992 1701 1029 1760 de
1055 1700 1258 1762 Bettholono
1281 1716 1376 1762 nota-

144 1822 229 1880 rium
253 1833 284 1880 et
307 1819 486 1878 secundum
513 1817 651 1878 l'ormanr
678 1818 776 1896 ipsias
801 1817 1033 1892 instrumenti;
1057 1816 1235 1888 ratificans,
1259 1837 1376 1896 appro-

145 1934 224 1995 bans
245 1949 277 1995 et
297 1933 497 1994 confirmans
520 1933 625 2013 ipsum
651 1933 913 1993 instrumentum
937 1949 967 1993 et
991 1933 1103 1994 omnia
1131 1946 1164 1993 et
1185 1934 1316 2012 singula
1340 1932 1372 1992 in

143 2070 180 2110 eo
190 2051 311 2131 scripta
323 2066 355 2111 et
368 2063 522 2109 contenta
539 2055 588 2123 (a)
604 2049 637 2108 in
659 2048 801 2109 savorem
816 2063 847 2109 et
861 2049 1072 2109 commodum
1089 2048 1168 2110 dicti
1185 2049 1312 2109 domini
1329 2049 1376 2122 (b)

146 2164 310 2226 Guidonis
332 2165 396 2225 viri
418 2165 466 2224 sui
478 2185 485 2238 ;
509 2184 544 2224 ac
566 2163 668 2225 eciam
685 2170 730 2238 (c)
746 2163 857 2242 legans
878 2164 940 2224 sibi
958 2164 990 2224 in
1009 2165 1154 2224 solutum
1173 2164 1256 2224 dicte
1272 2184 1376 2244 quan·

143 2280 249 2340 titatis
270 2277 419 2360 quinque
442 2279 623 2340 milliarum
646 2278 808 2338 librarum
833 2297 952 2338 nomen
976 2293 1007 2339 et
1030 2279 1268 2358 obligationem
1305 2299 1375 2359 pre-

140 2396 253 2478 scripti
275 2396 401 2456 domini
427 2394 628 2456 Marchionis
650 2408 681 2455 et
703 2414 837 2455 omnem
860 2395 1024 2454 actionem
1048 2415 1148 2474 quam
1175 2409 1267 2455 extra
1289 2396 1374 2455 bona

141 2529 173 2574 et
197 2513 327 2574 heredes
350 2512 449 2593 ipsius
472 2511 570 2572 habet
594 2525 624 2571 et
647 2511 708 2570 sibi
731 2511 899 2590 competit,
923 2530 1132 2591 quocumque
1156 2511 1264 2581 moda,
1283 2530 1376 2571 occa-

140 2632 230 2691 sione
252 2630 338 2690 dicte
360 2628 428 2690 eius
450 2627 537 2689 dotis
558 2647 614 2707 per
637 2627 744 2707 ipsum
770 2627 881 2688 habite
903 2642 934 2687 et
958 2627 1109 2698 confesse,
1141 2643 1288 2708 tempore
1313 2649 1376 2690 rne-

143 2761 281 2818 morat0‚
304 2760 470 2826 quantum
486 2761 533 2806 est
549 2746 582 2805 in
606 2746 795 2825 quantitate
820 2746 1009 2826 prescripta.
1093 2746 1169 2826 [lv]
1194 2747 1375 2807 Residuum

142 2883 230 2934 vem,
243 2865 309 2924 sive
330 2862 511 2945 supertlum
528 2861 613 2922 dicte
629 2862 697 2922 eius
712 2862 797 2922 dotis
813 2877 842 2922 et
860 2882 957 2922 omne
981 2862 1072 2922 aliud
1095 2863 1183 2942 quod
1207 2863 1326 2923 habere
1344 2877 1375 2923 et

141 2982 282 3062 recipere
304 2981 398 3041 debet
421 2979 459 3039 de
483 2979 627 3050 Feraria,
642 2981 709 3040 sire
726 2979 758 3038 in
777 2977 925 3039 Ciuitate
943 2980 1075 3039 Feraria
1097 2993 1127 3038 et
1148 2979 1308 3040 Districtu
1325 2988 1375 3053 (t)

142 3112 210 3160 tam
234 3099 275 3159 ab
299 3097 472 3158 heredibus
494 3096 633 3157 condam
650 3097 728 3156 dicti
745 3097 872 3156 domini
898 3097 1055 3174 Obiconis
1080 3097 1292 3167 Marchionis,
1311 3098 1374 3158 viri
1421 3141 1424 3147 ,

141 3215 281 3276 condam
307 3214 407 3294 ipsius
428 3221 482 3288 (e),
506 3233 606 3293 quam
631 3235 647 3274 a
671 3214 821 3295 qualibet
852 3215 916 3274 alia
935 3234 1083 3294 persona,
1105 3215 1243 3294 collegio
1258 3228 1289 3274 et
1306 3215 1376 3274 uni·

141 3325 307 3395 versitate,
330 3338 361 3385 et
384 3338 452 3384 tam
476 3345 513 3384 ex
537 3324 650 3404 legatis
672 3325 733 3384 sibi
759 3325 879 3383 relictis
896 3344 951 3404 pet·
968 3325 1074 3404 ipsum
1099 3325 1273 3385 dominum
1299 3324 1375 3385 Obi-

140 3461 266 3519 eonem,
288 3455 319 3502 et
343 3441 489 3522 ipsorum
521 3442 706 3520 legatorum
735 3442 903 3501 occasione
927 3457 1027 3522 atque
1051 3443 1172 3521 vigore,
1195 3462 1294 3522 quam
1313 3443 1377 3523 (s)

140 3577 353 3638 quocumque
375 3559 502 3639 alio(g)
526 3558 633 3630 modu,
657 3559 727 3619 iure
749 3573 779 3618 et
803 3577 910 3628 causa,
926 3574 956 3618 et
972 3558 1033 3618 sibi
1057 3560 1213 3639 competit
1239 3573 1269 3618 et
1293 3578 1376 3619 com-

140 3690 249 3756 petere
273 3691 377 3756 potest
400 3695 610 3756 quocumque
634 3677 741 3746 modo,
764 3691 879 3737 eontra
898 3679 947 3751 (lt)
972 3676 1102 3736 heredes
1126 3676 1226 3755 ipsias
1248 3675 1374 3735 domini

140 3792 300 3868 Obiconis
324 3793 526 3854 Marchionis
548 3807 579 3853 et
604 3794 688 3853 bona
722 3793 862 3853 condam
893 3794 993 3873 ipsius
1015 3808 1046 3853 et
1069 3812 1184 3854 eorum
1210 3793 1373 3852 bonorum

139 3910 305 3989 quoslibet
328 3930 517 3990 possessores
540 3925 570 3970 et
593 3929 839 3990 quamcumque
872 3911 972 3970 etiam
996 3911 1096 3970 aliam
1120 3929 1292 3990 personam
1317 3911 1377 3984 (lt),

140 4141 294 4202 omnium
310 4144 349 4216 (l)
376 4143 618 4223 premissorum,
633 4142 729 4203 dictis
742 4142 890 4222 quiriquc
914 4143 1061 4201 millibus
1079 4142 1152 4202 libr.
1165 4141 1312 4201 deductis
1328 4145 1377 4216 (l),

196 4337 233 4390 (a)
247 4348 350 4377 contenta
365 4349 386 4378 et
403 4341 482 4392 scripta
510 4338 544 4392 (h)
557 4340 625 4391 ipsius
641 4339 720 4378 nobilis
736 4339 814 4377 domini
843 4338 939 4389 (r)0m.
958 4339 1245 4392 Acetum-prescripta
1273 4339 1375 4390 (d)Om,

139 4420 162 4450 et
178 4410 285 4449 Distrietu
340 4411 372 4461 (e)
386 4411 437 4450 olim
452 4411 490 4449 viri
506 4413 538 4449 sui
580 4410 950 4461 (s)inveterareaelt'iaterliaea
966 4416 1123 4460 qmvstopassa,
1139 4412 1288 4449 clt'erasran
1304 4413 1378 4450 trala-

141 4484 221 4528 sciata,
236 4495 273 4520 ma
288 4483 350 4521 nella
364 4489 467 4530 sufflante
475 4484 560 4534 sarum
576 4482 706 4520 ‹abbrev-fara
716 4498 723 4520 .·
739 4492 781 4519 tam
797 4495 821 4520 ex
836 4482 912 4531 legatis
929 4484 967 4520 sibi
982 4484 1047 4521 laetis
1059 4495 1095 4535 per
1106 4483 1184 4521 dictum
1202 4484 1309 4521 dominum
1326 4483 1379 4522 Oli-

140 4566 220 4604 eonem
235 4555 302 4591 virum
319 4566 389 4602 suum,
406 4567 468 4607 quam
496 4554 596 4607 (ωορκ,
614 4553 656 4591 alio
690 4553 789 4605 (mom.
808 4563 1051 4605 contre-personam
1084 4554 1191 4606 (ilarque
1224 4555 1252 4604 (l)
1269 4556 1316 4593 One.
1335 4568 1379 4592 orn-

145 4629 205 4666 nium
222 4626 320 4665 deductis
