2874 4748
64 485 121 544 268
368 507 536 547 nnurzrom
561 508 620 548 rnrr
644 508 771 550 VERONA
796 509 814 550 s
837 511 990 552 sranrova

65 607 637 618 -—-—-—.—-—-......-..-.-..--.-.—..-...-.
675 613 704 618 -.,
718 613 817 620 ...---
825 615 1129 621 ...........—.,..—.-.-..
1153 611 1211 621 -..ενι
1224 613 1296 618 -ν--ι

64 719 162 778 nibus
183 716 222 777 de
244 719 333 779 dicto
356 719 514 790 Consili0,
531 721 661 782 nemine
678 721 893 802 discrepante,
910 721 998 803 quod
1021 722 1061 783 ad
1086 721 1246 784 honorem
1263 737 1296 784 et

63 837 187 897 bonum
210 850 333 898 statum
360 837 532 916 utriusque
555 837 726 908 Comunis,
743 851 924 938 statuatur,
939 839 1112 900 ordinetur
1134 853 1165 900 et
1190 839 1295 900 lirme·

62 966 117 1012 tur
140 951 173 1011 in
196 952 352 1012 omnibus
375 971 431 1033 per
452 952 605 1012 Comune
629 953 777 1023 Mantue,
803 955 1002 1016 auctoritate
1025 955 1183 1035 presentis
1206 955 1295 1016 Con-

60 1067 123 1150 silij
149 1069 331 1141 Generalis,
352 1070 532 1130 secundum
557 1073 643 1151 quod
669 1071 849 1150 provisum,
872 1071 1053 1145 firmatum,
1074 1085 1241 1133 statutum
1261 1084 1292 1132 et

59 1186 252 1247 ordinatum
277 1201 322 1246 est
347 1206 402 1267 per
425 1186 575 1249 Comune
600 1189 738 1259 Verone,
761 1189 961 1251 auctoritate
982 1190 1031 1250 sui
1050 1189 1185 1250 Maioris
1209 1187 1295 1249 Con·

58 1301 134 1380 silli,
155 1316 187 1362 et
211 1317 247 1363 ut
269 1303 418 1382 superius
450 1306 653 1376 continetur,
687 1306 793 1366 visum
824 1320 854 1367 et
885 1306 1018 1377 lectum,
1043 1306 1146 1367 silicet
1171 1305 1204 1366 in
1231 1305 1292 1365 lrac

63 1421 179 1481 forma.
262 1421 329 1480 Nos
352 1421 486 1502 Lappus
502 1421 541 1481 de
558 1422 585 1481 U
592 1423 690 1483 bertis
715 1422 870 1492 Potestas,
888 1422 1107 1484 Bardellonus
1125 1422 1164 1482 de
1187 1422 1294 1482 Bona-

59 1537 152 1597 colsis
184 1536 397 1617 Capitonem,
431 1537 617 1598 Consilium
642 1552 672 1599 et
692 1521 849 1602 'Comune
881 1540 1027 1600 civitatis
1059 1540 1198 1600 Mantue
1230 1557 1292 1618 pro

59 1654 192 1714 comuni
218 1655 303 1713 bono
327 1654 412 1714 inter
435 1654 587 1715 domr'nos
614 1655 825 1727 potestatem,
841 1657 1042 1737 Capitaneos
1065 1657 1229 1738 generales
1257 1671 1289 1716 et

59 1773 212 1833 Comune
227 1785 258 1832 et
276 1770 434 1832 Homines
458 1772 586 1832 Verone
609 1787 640 1834 et
666 1794 732 1844 nos,
751 1789 781 1834 et
802 1774 944 1846 unionis,
968 1775 1089 1834 amoris
1114 1772 1218 1834 ledere
1235 1792 1292 1834 au-

59 1888 165 1967 gendo
186 1899 218 1948 et
239 1888 474 1956 conservando
498 1888 718 1967 providemus,
741 1888 921 1960 firmamus,
949 1890 1128 1951 statuimus
1149 1904 1180 1951 et
1202 1889 1292 1950 ordi-

60 2024 177 2064 namus
194 2004 224 2063 in
247 2017 413 2083 posterum
429 2005 683 2076 observandum,
701 2021 737 2065 ut
753 2007 777 2065 si
793 2007 958 2076 acciderit,
974 2007 1062 2087 quod
1086 2005 1181 2076 absit,
1198 2007 1289 2085 quod

59 2119 178 2199 aliquis
210 2119 366 2180 inventus
397 2139 451 2179 seu
477 2119 665 2199 inculpatus
687 2121 727 2181 sit
750 2120 946 2181 commisisse
975 2121 1007 2180 in
1032 2119 1166 2181 civitate
1188 2134 1220 2180 et
1243 2120 1293 2180 di-

59 2237 175 2296 strictu
194 2235 321 2296 Verone
344 2237 377 2295 in
396 2236 518 2296 lactum
536 2236 585 2296 vel
604 2249 784 2296 tractatum
802 2251 917 2297 contra
935 2236 1093 2297 honorem
1111 2251 1141 2297 et
1163 2249 1290 2297 statum

58 2353 271 2413 dominorum
307 2352 490 2420 l’otestatis,
524 2351 783 2432 Capitaneorum
808 2368 837 2413 et
862 2353 1022 2413 Comunis
1057 2353 1196 2421 Verone,
1231 2367 1292 2412 aut

59 2469 248 2548 inculpatus
269 2488 323 2527 sen
348 2481 494 2547 repertus
509 2468 550 2527 sit
567 2468 762 2528 commisisse
785 2470 817 2528 in
842 2469 977 2529 civitate
999 2482 1029 2528 et
1053 2468 1204 2528 districtu
1231 2467 1292 2528 Vc·-

59 2607 138 2647 rone
162 2584 378 2645 homicidium
403 2584 436 2644 in
460 2590 694 2664 quantumque
718 2604 901 2665 personam,
924 2598 981 2645 aut
1000 2586 1138 2651 lurtum.
1161 2598 1218 2644 aut
1246 2584 1293 2644 in·

59 2701 222 2768 cendium‚
246 2715 302 2760 aut
328 2701 503 2771 robatiani,
537 2716 595 2760 aut
630 2701 780 2779 rapinam
806 2701 838 2759 in
864 2720 1035 2780 personam
1063 2699 1209 2778 aliquam
1235 2719 1290 2759 cu-

60 2817 251 2894 iuscumque
266 2836 369 2886 sexus,
386 2830 416 2876 et
435 2816 622 2876 huiusmodi
639 2817 834 2877 delictorum
859 2816 1048 2877 commissor
1073 2816 1121 2876 rel
1139 2815 1293 2876 commis-

58 2952 143 2991 sores
165 2952 219 2990 seu
245 2931 404 3010 inculpati
430 2932 462 2989 in
479 2931 647 2991 civitatem
669 2931 805 2990 Mantue
819 2946 875 2990 aut
890 2931 1077 2991 districtum
1095 2929 1290 3009 aufugerint

58 3067 111 3106 seu
137 3047 280 3125 poterint
305 3046 449 3126 reperiri,
472 3045 559 3123 quod
584 3046 728 3105 Potestas
751 3062 781 3106 et
798 3045 948 3106 Comune
974 3047 1121 3113 llantue,
1140 3043 1292 3123 requisiti

59 3184 113 3243 per
131 3163 257 3224 litteras
272 3184 325 3222 seu
345 3165 504 3223 nuncium
525 3163 709 3232 Potestatis,
726 3163 899 3243 Capitanei
917 3179 947 3222 et
965 3163 1126 3223 Comanis
1149 3160 1292 3230 Verone,

60 3294 237 3340 teneantur
260 3296 289 3340 tt
314 3282 452 3340 debcant
475 3280 600 3340 eosdem
625 3281 820 3340 delictorum
846 3295 1085 3359 perpetratores
1107 3299 1161 3339 seu
1185 3279 1294 3338 incul-

60 3412 152 3476 patos
174 3416 285 3475 capere
302 3412 332 3455 ct
349 3397 420 3476 capi
447 3397 547 3455 l'ncerc
564 3412 593 3456 et
608 3413 718 3475 captos
736 3398 960 3456 transmittere
982 3395 1042 3455 sub
1060 3394 1122 3454 lida
1139 3394 1289 3455 custodia

60 3513 91 3572 in
118 3512 251 3571 forciam
277 3514 464 3571 eorumdem
492 3512 675 3580 potestatis,
706 3513 965 3591 (lapitancornm
990 3526 1021 3571 ct
1045 3511 1206 3570 Comanis
1230 3509 1294 3570 Ve-

61 3650 148 3695 rone,
162 3629 268 3688 debite
284 3630 475 3707 puniendos.
532 3630 570 3688 lit
585 3629 672 3707 qtrnd
692 3629 750 3688 lrnc
767 3644 910 3708 ponatur
926 3629 956 3688 in
973 3629 1057 3687 libro
1076 3629 1290 3688 Statutorunt

60 3745 220 3804 Cumunis
245 3745 381 3803 llantue
395 3759 424 3803 et
439 3764 497 3823 pro
513 3759 640 3804 statuto
659 3746 871 3824 imposterum
885 3745 1000 3804 delicat
1017 3743 1196 3811 observari,
1213 3761 1290 3801 cum

60 3863 139 3920 illud
166 3864 247 3921 idem
266 3884 340 3940 erun
359 3883 416 3921 nos
432 3863 673 3921 oluerrandnm
694 3864 731 3921 de
748 3863 1018 3940 delinquentibus
1041 3862 1072 3920 in
1098 3860 1237 3919 Mantua
1259 3875 1291 3920 ct

63 3981 247 4038 llantuano
270 3980 420 4037 districtu
445 3999 499 4037 seu
525 3979 701 4053 inculpatis
724 3979 761 4036 de
786 3978 938 4058 predictis
954 3977 1079 4038 delictis
1103 3977 1152 4036 rel
1175 3977 1292 4055 aliquo

59 4096 292 4173 predictorum,
330 4096 482 4164 l‘nttstas,
506 4095 708 4173 Capitanens
741 4111 770 4155 et
805 4093 955 4154 Comune
991 4094 1118 4153 l'crone
1151 4092 1293 4170 provide

61 4214 214 4271 duxerint
232 4214 446 4272 statuendum
464 4229 493 4272 et
511 4228 712 4281 statuerunt,
734 4229 766 4270 ut
790 4215 938 4291 superius
962 4211 1163 4270 continetur.
1248 4211 1293 4270 Et

58 4330 101 4374 xie
122 4330 182 4374 l'rrit
202 4329 232 4374 in
252 4330 338 4374 illvm
359 4328 505 4374 l'mrrcilirr
529 4331 688 4374 l'nmnnie
716 4331 850 4374 *tierrrlrtn
875 4330 1089 4375 rnl'rrrnrntrrnt
1108 4342 1138 4374 el
1165 4345 1220 4374 tint·
1246 4326 1294 4374 in.
