2850 4776
69 466 128 525 218
372 484 543 525 reeazrosn
566 485 626 526 rna
649 484 777 526 runos'a
802 485 820 524 a
843 483 1000 525 unstrote

66 699 220 760 districtu
244 700 392 770 Mantue‚
416 701 465 761 vel
488 700 591 762 eciam
609 701 642 760 in
659 699 811 760 districtu
836 697 965 760 Verone
987 711 1019 760 et
1041 697 1085 759 eis
1107 699 1230 779 possint
1250 701 1302 761 uti

65 830 97 878 et
121 815 197 886 frui,
220 817 299 878 durn
324 830 434 878 tamen
457 836 509 876 eas
532 835 598 878 non
621 815 763 877 emerint
786 815 834 876 vel
858 816 923 876 alio
940 815 1040 876 titulo
1062 815 1303 896 acquisiverint

68 932 109 992 ab
131 930 245 1012 aliquo
262 930 401 993 bannito
417 931 615 992 Communis
632 932 770 993 Mantue
793 931 842 993 vel
866 929 1063 992 Communis
1086 930 1225 1002 Verone‚
1246 950 1302 992 ex-

68 1047 162 1126 pulso
184 1067 243 1128 pro
266 1059 369 1128 parte,
385 1048 435 1109 rel
451 1048 493 1108 ab
511 1047 625 1128 aliquo
641 1046 719 1116 lilio,
736 1047 785 1108 vel
803 1045 930 1118 herede,
951 1066 1006 1107 seu
1021 1065 1201 1107 successore
1224 1047 1303 1106 ban·

68 1164 217 1225 nitorum
239 1163 410 1234 eiusmodi,
433 1164 482 1225 vel
506 1164 548 1225 ab
570 1164 683 1245 aliquo
704 1183 835 1226 causam
860 1163 1013 1234 habente,
1030 1163 1080 1223 vel
1103 1161 1217 1244 aliquo
1232 1182 1302 1244 pre·

67 1280 243 1342 dictorum.
326 1282 369 1342 Et
391 1300 407 1340 e
429 1299 596 1352 consers0,
618 1280 705 1361 quod
729 1282 814 1342 veris
836 1293 867 1342 et
889 1279 1059 1341 continuis
1079 1278 1208 1340 civibus
1230 1292 1301 1340 tam
1344 1277 1348 1286 '

68 1397 206 1467 Verone,
228 1416 329 1479 quam
354 1398 502 1469 Mantua,
525 1397 752 1469 dimittantur,
780 1396 999 1479 expediantur
1022 1409 1053 1458 et
1077 1395 1301 1458 restituantur

65 1533 178 1575 omnes
200 1516 418 1595 possessiones,
441 1533 522 1595 quas
552 1513 712 1575 haberent
742 1515 776 1575 in
799 1513 953 1575 districtu
978 1512 1083 1593 Regii,
1108 1526 1139 1574 et
1161 1512 1206 1574 eis
1229 1531 1301 1592 pos-

64 1631 131 1691 sint
156 1630 205 1692 uti
227 1645 257 1691 et
282 1630 365 1700 frui,
387 1631 467 1692 dum
491 1643 601 1691 tamen
626 1650 678 1691 eas
702 1650 766 1690 non
797 1631 937 1692 emerint
961 1631 1010 1690 rel
1034 1630 1100 1690 alio
1123 1628 1225 1690 titulo
1248 1648 1301 1712 aeg

66 1745 264 1825 quisiverint
281 1748 323 1806 ab
348 1747 461 1827 aliquo
475 1747 614 1808 bannito
636 1748 833 1809 Communis
850 1747 953 1827 Regij‚
967 1746 1102 1826 expulso
1117 1766 1177 1827 pro
1196 1761 1299 1826 parte,

66 1863 116 1923 vel
139 1864 180 1923 ab
203 1863 315 1943 aliquo
338 1862 416 1933 tilio,
440 1865 491 1924 vel
516 1864 641 1934 herede,
665 1866 714 1924 vel
740 1883 918 1925 successore
942 1864 1159 1924 bannitorum
1184 1863 1299 1924 huius-

66 1977 166 2048 modi,
189 1979 239 2038 vel
262 1979 303 2040 ab
326 1980 439 2060 aliquo
460 1998 591 2040 causam
616 1978 768 2050 habente,
792 1980 841 2040 rel
864 1980 905 2040 ab
928 1980 1042 2060 aliquo
1060 1979 1298 2060 predictorum.

144 2094 220 2173 [Vl]
246 2094 328 2155 ltem
352 2095 530 2156 voluerunt
560 2109 787 2155 convenerunt
811 2110 841 2156 et
867 2107 1057 2155 statuerunt
1088 2096 1173 2155 inter
1196 2115 1226 2154 se
1252 2095 1298 2154 vi-

64 2211 180 2280 cissim,
202 2209 290 2292 quod
313 2230 426 2271 omnes
447 2226 479 2272 et
501 2211 628 2290 singule
661 2211 832 2291 represalie
864 2230 1009 2271 concesse
1031 2200 1298 2291 quibuscumque

64 2329 201 2398 civibus,
215 2328 329 2387 incolis
346 2329 394 2390 vel
411 2329 673 2389 districtualibus
697 2328 917 2408 predictarum
935 2328 1111 2388 civitatum
1134 2341 1166 2389 et
1189 2327 1298 2391 cuius-

65 2443 144 2502 libet
168 2443 312 2523 ipsarum
345 2444 411 2503 sint
443 2462 593 2523 suspense
615 2448 665 2516 (a)
686 2457 717 2504 et
741 2463 800 2523 pro
823 2443 983 2522 suspensis
1005 2443 1193 2503 habeantur
1218 2440 1298 2501 hinc

64 2558 104 2618 ad
127 2559 235 2620 decern
253 2578 357 2619 annos
373 2560 560 2640 completos,
579 2560 699 2638 quibus
722 2559 904 2640 represatliis
921 2579 975 2619 seu
995 2559 1162 2639 aliquibus
1180 2577 1295 2619 earum

64 2675 175 2734 nullus
199 2675 295 2753 possit
320 2675 367 2736 nti
392 2676 478 2735 inl'ra
503 2676 627 2736 dictum
652 2689 799 2755 tempus,
822 2675 934 2754 aliquo
958 2675 1055 2735 modo
1079 2675 1128 2736 vel
1152 2673 1297 2753 ingenio,

63 2788 101 2848 de
124 2789 194 2849 iure
219 2790 266 2849 vel
290 2789 328 2850 de
352 2789 447 2858 sact0,
462 2793 553 2850 salvo
577 2805 692 2851 tamen
710 2789 798 2872 quod
815 2810 871 2869 per
888 2790 948 2850 hoc
971 2809 1037 2849 non
1061 2789 1295 2868 intelligantur

62 2925 212 2985 suspense
236 2906 406 2986 represalie
438 2926 581 2966 concesse
614 2907 723 2976 alicui,
747 2907 802 2986 qui
826 2907 866 2966 sit
889 2906 968 2966 ciris
991 2906 1107 2967 Parme
1131 2919 1162 2966 et
1188 2904 1295 2985 hegil,

63 3019 180 3080 Parme
205 3020 383 3092 habitanti,
415 3036 460 3081 set
490 3023 596 3082 solum
620 3041 765 3082 concesse
784 3023 911 3082 civibus
936 3021 1039 3101 aega,
1064 3020 1295 3080 habitantibus

66 3136 155 3214 Regii
188 3138 236 3196 vel
268 3138 301 3197 in
325 3138 487 3200 districtu.
591 3141 632 3199 lit
655 3140 743 3218 quod
769 3140 880 3199 nullus
902 3139 1003 3199 eciam
1037 3158 1102 3198 non
1137 3136 1294 3198 habitans

64 3252 154 3332 Regii
181 3255 228 3314 vel
254 3255 286 3314 in
304 3255 372 3314 eius
387 3257 538 3316 districtu
563 3276 651 3317 nunc
676 3259 772 3336 possit
791 3259 840 3316 uti
863 3257 1050 3317 incivitate
1074 3257 1123 3316 vel
1140 3255 1293 3315 districtu

63 3369 155 3448 Regii
180 3370 346 3450 aliquibus
370 3372 551 3453 represaliis
575 3372 774 3432 huiusmodi.

142 3486 234 3563 [Vll]
260 3486 410 3547 Preterea
436 3488 626 3558 voluerunt,
648 3504 875 3549 constiterunt
895 3505 924 3548 et
941 3503 1134 3549 statuerunt
1157 3490 1245 3548 inter
1263 3510 1295 3548 se

62 3602 201 3662 vicissim
225 3604 440 3673 concorditer,
463 3606 551 3683 quod
574 3625 686 3665 ornnes
709 3620 738 3664 et
761 3606 882 3684 singuli
906 3606 943 3664 ele
968 3608 1057 3665 Sesso
1075 3619 1106 3666 et
1129 3605 1225 3665 amici
1242 3626 1295 3666 eo-

62 3738 135 3777 rum
158 3733 188 3778 et
213 3718 343 3780 heredes
365 3740 490 3789 eorum,
515 3736 581 3780 tam
606 3721 713 3781 clerici
744 3742 843 3800 quam
869 3723 964 3801 layci,
988 3723 1044 3802 qui
1070 3722 1154 3782 hanc
1177 3741 1293 3801 pacem

61 3851 227 3914 acceptare
250 3850 280 3894 et
303 3836 371 3896 eius
395 3837 550 3897 beneficio
576 3840 624 3897 uti
648 3838 825 3907 voluerint,
849 3839 975 3915 earn(b)
993 3839 1217 3918 unusquisque
1242 3859 1295 3898 ro·

62 3947 129 4005 lens
152 3947 199 4005 uti
226 3948 381 4008 beneficio
405 3949 472 4028 ipso
496 3964 663 4030 acceptare
686 3950 847 4011 clicaciter
862 3967 1024 4021 teneatur,
1042 3951 1102 4013 hoc
1126 3951 1232 4018 moda,
1252 3951 1297 4010 vi·

61 4064 174 4110 edelfert
211 4065 255 4111 llll
281 4066 336 4110 11111
353 4082 430 4110 cunr
450 4068 479 4110 in
502 4068 507 4110 l
531 4069 702 4110 rrrnlwrrlia
736 4089 790 4110 mor·
809 4083 916 4110 truttam
943 4089 1083 4110 erasme-om
1109 4082 1293 4110 nroeontam
