2850 4776
618 455 687 496 noc.
712 455 797 494 eru:
825 435 898 514 1289

143 665 244 726 libere
260 666 460 738 relaxentur,
477 666 631 729 facientes
642 668 729 730 inter
741 688 772 728 se
786 668 938 740 vicissim,
961 689 1026 730 una
1043 690 1124 751 pars
1140 668 1246 739 alteri,
1265 668 1375 742 finem,

143 781 376 854 remissionem,
398 781 633 844 refutationem
656 797 688 845 et
712 798 845 864 pactum
868 785 908 845 de
929 804 995 846 non
1013 785 1153 866 petendo
1174 785 1314 847 ulterius
1336 786 1374 847 de

141 896 295 956 omnibus
307 911 338 958 et
350 898 489 978 singulis
510 897 639 970 dennis,
653 899 889 960 offensionibus
903 913 934 962 et
951 901 1081 961 iniuriis
1097 900 1175 962 hinc
1191 901 1247 987 ille¹
1262 901 1373 964 illatis.

222 1013 280 1092 [11]
304 1013 385 1076 Item
408 1031 647 1088 convenerunt,
679 1017 861 1078 voluerunt
884 1032 915 1079 et
944 1032 1135 1080 statuerunt
1161 1017 1248 1079 inter
1272 1037 1302 1077 se
1326 1021 1375 1078 ui·

139 1130 244 1191 cissim
269 1131 475 1193 concorditer
497 1168 537 1178 —-
559 1133 599 1194 ed
623 1134 784 1195 mandatu
808 1131 1005 1196 Communis
1028 1133 1121 1215 Regii
1145 1143 1157 1210 (
1179 1142 1202 1208 ).

221 1245 296 1324 [ΙΙΙ]
321 1245 403 1306 Item
432 1247 521 1327 quod
551 1247 689 1328 predicti
712 1248 750 1310 de
773 1250 863 1310 Sesso
891 1263 922 1310 et
951 1249 1050 1311 amici
1072 1269 1186 1311 eorum
1213 1265 1245 1312 et
1267 1251 1369 1312 eciam

139 1360 249 1421 illi-
272 1362 305 1422 in
327 1361 467 1423 ecclesiis
489 1382 546 1424 nce
570 1364 604 1424 in
628 1363 724 1425 rebus
747 1384 834 1426 mere
859 1365 1081 1427 ecclesiasticis
1102 1373 1114 1441 (
1138 1373 1159 1438 ).

219 1476 293 1554 [tv]
318 1476 399 1538 ltem
428 1476 516 1557 quod
543 1477 680 1557 predicti
704 1479 742 1539 de
766 1479 856 1540 Sesso
881 1493 912 1540 et
939 1479 1035 1540 amici
1065 1499 1178 1540 eorum
1202 1515 1241 1522 --
1264 1480 1313 1541 uti
1339 1495 1371 1540 et

139 1591 205 1654 frui
228 1595 284 1667 (3).

160 1763 163 1766 .
219 1711 276 1790 [V]
301 1710 382 1773 Item
405 1711 491 1792 quod
515 1711 652 1793 predicti
673 1711 713 1772 de
736 1711 826 1773 Sesso
847 1712 985 1773 maiores
1007 1749 1046 1755 —-
1068 1725 1099 1772 et
1122 1726 1309 1773 tractentur
1333 1726 1370 1773 ut

136 1829 192 1908 alii
217 1831 300 1889 cives
323 1827 415 1910 Regii
434 1836 451 1903 .(
474 1833 496 1900 ).

217 1943 275 2024 [V]
300 1943 379 2005 Item
403 1944 490 2024 quod
515 1943 652 2024 predicti
674 1944 714 2005 de
737 1943 827 2005 Sesso
849 1959 880 2004 et
902 1963 1016 2005 eorum
1040 1944 1136 2005 amici
1159 1943 1276 2024 —qui
1301 1962 1367 2004 non

135 2060 324 2122 recesserint
348 2081 365 2121 a
389 2059 555 2122 mandatis
577 2059 738 2121 Comunis
762 2059 854 2140 Regii
876 2061 933 2134 (5).

217 2177 292 2257 [Vl]
317 2154 397 2238 {tem
410 2177 498 2258 quod
512 2178 642 2238 nullum
655 2191 820 2239 statutum
834 2214 872 2221 --
885 2178 1109 2258 predictarum
1122 2178 1296 2238 civitatum
1311 2179 1356 2250 (6)

215 2292 306 2372 [Vll]
331 2292 411 2354 Item
439 2293 628 2362 voluerunt,
650 2307 890 2362 convenerunt,
922 2293 1138 2354 decreverunt
1161 2308 1193 2354 et
1216 2291 1366 2352 firmare-

133 2421 215 2498 runt
238 2409 324 2470 inter
345 2429 377 2470 se
399 2409 551 2480 vicissim,
574 2409 662 2490 quod
679 2429 738 2489 pro
755 2409 908 2488 predictis
931 2425 961 2470 et
984 2410 1022 2470 de
1039 2409 1192 2490 predictis
1209 2407 1366 2469 omnibus

131 2543 163 2588 et
186 2526 323 2607 singulis
345 2527 575 2606 suprascriptis
597 2525 836 2586 inviolabiliter
868 2524 1076 2586 attendendis
1098 2539 1128 2585 et
1152 2525 1366 2585 observandis

131 2657 303 2724 perpetuo,
319 2641 471 2703 Comune
486 2656 517 2703 et
535 2641 740 2702 Universitas
755 2640 858 2721 Regii,
873 2661 926 2700 seu
945 2640 1083 2721 predicti
1107 2659 1220 2700 eorum
1236 2639 1365 2709 sindici,

132 2761 203 2821 vice
226 2775 256 2822 et
279 2760 413 2821 nomine
446 2760 546 2840 ipsius
569 2759 730 2820 Comunis
752 2773 783 2819 et
808 2758 1043 2818 Universitatis
1065 2757 1142 2817 dare
1169 2756 1309 2817 debeant
1332 2769 1364 2816 et

132 2888 279 2957 prestare
295 2875 440 2955 predicte
460 2875 677 2936 L'niversitati
696 2875 803 2934 Partis
819 2873 1042 2954 predictorum
1061 2873 1098 2933 de
1118 2874 1208 2933 Sesso
1231 2872 1281 2932 vel
1298 2892 1365 2952 pre·

130 2991 221 3053 dicto
243 2991 312 3052 eius
332 2991 458 3051 sindico
482 2990 700 3052 fideiussorem
724 2992 875 3051 Comune
899 2989 1015 3050 Parme
1039 2991 1088 3050 rel
1113 2989 1263 3049 Comune
1287 2986 1365 3048 Cre-

130 3125 241 3167 mone.
326 3107 368 3166 Et
386 3105 452 3187 ipsa
469 3104 675 3166 Universitus
690 3105 798 3166 Partis
815 3105 1038 3186 predictorum
1055 3107 1093 3166 de
1110 3105 1199 3165 Sesso
1221 3124 1275 3165 seu
1293 3125 1362 3184 pre·

128 3222 238 3282 dictus
259 3221 328 3283 eius
351 3235 547 3302 procurator
569 3236 600 3282 et
623 3221 776 3291 sindicus,
799 3222 866 3281 rice
889 3236 920 3281 et
945 3221 1078 3280 nomine
1107 3221 1207 3300 ipsius
1222 3220 1363 3280 [iniver-

127 3337 248 3408 sitatis,
269 3336 347 3398 dare
370 3353 401 3398 et
425 3352 568 3417 prestare
590 3337 730 3397 debeant
755 3337 900 3417 predicto
923 3336 1068 3397 Comuni
1086 3349 1117 3396 et
1142 3336 1360 3396 [Iniversitati

129 3454 235 3535 Regii,
247 3476 300 3517 seu
324 3455 477 3538 predictis
492 3456 557 3516 suis
573 3455 844 3535 procuratoribus
858 3467 889 3514 et
906 3453 1037 3513 sindicis
1060 3452 1279 3513 fideiussorem
1300 3451 1361 3511 Co·

127 3591 231 3633 mune
242 3571 369 3632 Verone
380 3573 428 3632 vel
439 3573 486 3649 (tr)
499 3573 635 3631 Mantue
647 3572 731 3630 infru
747 3590 851 3630 unum
867 3591 1006 3630 mensem
1021 3591 1057 3630 ex
1074 3589 1139 3649 quo
1152 3588 1208 3649 per
1221 3569 1360 3628 alteram

126 3687 277 3768 parcium
301 3687 395 3747 alteri
420 3687 658 3747 denunciatum
682 3687 729 3744 rel
749 3686 888 3766 petitum
915 3684 1024 3746 fuerit.
1109 3684 1219 3756 Quam
1245 3697 1357 3742 autem

183 3901 219 3953 (ιι)
233 3904 251 3940 Α
266 3912 286 3940 et

198 4189 235 4254 (1)
256 4187 287 4241 Si
310 4187 474 4257 riprodure
495 4188 545 4257 qui
570 4187 588 4240 il
611 4190 628 4254 ξ
649 4187 701 4238 t'n
724 4187 805 4239 della
826 4204 900 4257 pare
922 4187 1117 4255 precedente.

196 4279 235 4343 (2)
256 4275 289 4330 Si
310 4276 474 4346 riproduee
496 4278 547 4346 qui
570 4277 590 4329 il
610 4279 627 4343 ς’
647 4276 716 4330 vlu
739 4276 820 4329 delia
840 4293 915 4346 pare
936 4276 1131 4345 precedente.

195 4366 233 4432 (3)
254 4365 286 4419 Si
308 4365 472 4435 riproduce
494 4367 544 4435 qui
569 4366 588 4418 il
610 4368 626 4433 ς’
649 4366 691 4419 IX
712 4366 794 4417 della
815 4383 888 4434 paee
910 4365 1107 4435 precedente.

195 4456 234 4521 (4)
254 4453 289 4508 Si
308 4454 474 4524 riproduee
495 4455 546 4524 qui
570 4455 589 4506 il
610 4457 627 4521 ᾗ
649 4455 675 4507 X
697 4455 779 4507 della
799 4472 873 4523 paee
895 4454 1089 4522 puredente.

194 4544 233 4610 (5)
254 4542 286 4597 Si
308 4543 472 4614 riproduce
495 4545 545 4613 qui
569 4545 588 4596 il
611 4547 627 4610 ᾗ
649 4543 691 4596 XIv
712 4544 792 4595 ‹lt-liu
814 4561 887 4612 pare
909 4544 1108 4612 precedente.

194 4635 233 4702 (ὁ)
254 4633 286 4687 Si
310 4633 473 4702 riproduce
495 4635 544 4702 qui
570 4635 589 4685 ir
611 4637 627 4700 ς’
649 4632 703 4685 ΧΗ
726 4633 807 4686 delia
828 4651 903 4702 pare
924 4633 1120 4701 precedente.
