2834 4792
633 479 702 524 noc.
726 479 821 521 xxix:
848 462 923 542 1259
1356 465 1392 543 59

154 693 291 754 luntate
307 691 537 756 Ancianorum
553 693 675 774 Populi
691 706 723 754 et
739 695 882 756 aliorum
906 695 1104 776 Sapientem
1130 696 1279 767 Mantue,
1303 710 1340 758 ut
1356 697 1390 758 in

154 808 322 888 scriptura
337 807 423 869 lacta
439 828 543 870 manu
560 807 685 871 Cambe
700 810 751 870 vel
767 809 943 872 Ottaviani
960 811 1169 874 notariorum
1189 813 1392 883 continetur,

152 938 188 985 et
211 922 302 1004 quod
323 930 372 999 (a)
394 924 560 1005 predictus
581 924 736 986 dominus
758 925 906 987 marchio
928 926 1071 987 Estensis
1091 937 1123 988 et
1147 925 1320 1008 Lodoycus
1341 943 1393 988 co·

156 1061 226 1104 mes
243 1041 382 1114 Verone,
396 1041 534 1103 consilio
549 1041 685 1102 illorum
702 1041 909 1124 Sapientum,
924 1043 983 1123 qui
997 1042 1060 1104 sibi
1083 1043 1300 1118 videbuntur,
1318 1063 1356 1106 au

155 1161 298 1219 toritate
314 1154 414 1219 huius
430 1156 580 1238 Consilij,
592 1177 653 1239 pro
671 1157 852 1220 Communi
877 1157 1026 1230 Mantue,
1051 1158 1136 1221 sicut
1150 1160 1191 1221 sit
1209 1160 1282 1241 plus
1300 1179 1321 1222 u

156 1276 377 1336 necessarium
402 1293 438 1335 ac
459 1274 563 1336 eciam
584 1285 803 1356 oportunum,
825 1273 951 1354 possint
973 1289 1005 1336 et
1027 1276 1168 1336 debeant
1194 1289 1312 1338 statuet

153 1392 316 1451 ordinare
338 1409 444 1452 unum
461 1390 512 1452 vel
529 1391 639 1471 plures
658 1390 801 1452 sindicos
822 1389 1020 1453 Communis
1043 1391 1182 1452 Mantue
1205 1391 1245 1452 ad
1268 1411 1312 1474 pn

155 1521 229 1568 tam
252 1508 439 1568 societatem
465 1506 648 1570 faciendam
671 1520 702 1569 et
725 1506 923 1569 firmandam
946 1519 978 1568 et
1000 1507 1111 1568 iurare
1126 1525 1187 1588 pro
1209 1507 1327 1569 Comm

158 1623 311 1694 Mantus,
333 1643 409 1685 cum
432 1623 568 1686 domino
591 1623 718 1685 Uberto
751 1623 943 1684 marchione
971 1622 1176 1685 Pellavicino
1202 1640 1233 1686 et
1255 1624 1331 1684 dom

156 1739 259 1800 Bosio
279 1739 318 1802 de
342 1740 485 1802 Dovaria
507 1756 538 1803 et
561 1739 742 1802 Communi
767 1739 939 1813 Cremone‚
957 1751 988 1802 et
1010 1740 1051 1801 ad
1067 1740 1180 1801 omnia
1203 1740 1311 1802 aliast

155 1857 238 1938 gula
261 1860 437 1920 necessaria
461 1878 521 1939 pro
543 1857 724 1920 Communi
759 1857 907 1930 Matutae,
939 1858 1033 1919 iuxta
1057 1857 1198 1919 formam
1224 1856 1332 1920 dictor

156 1976 396 2058 capitulorum,
420 1976 656 2056 promittenda,
679 1975 843 2038 firmanda
859 1989 897 2037 ‘et
919 1976 1098 2058 obliganda
1118 1995 1214 2057 super
1237 1977 1331 2058 predi

155 2109 192 2155 et
215 2093 288 2155 aliis
319 2093 459 2156 utilibus
481 2106 513 2155 et
535 2092 721 2154 necessariis
742 2111 839 2174 super
861 2093 925 2167 eis;
954 2093 1011 2173 qui
1041 2092 1158 2154 sindici
1192 2095 1332 2155 auctorit

159 2210 262 2272 huius
278 2209 416 2272 Consilii
433 2211 557 2292 possint
575 2209 678 2272 lacere
700 2209 854 2271 ordinare
870 2220 901 2270 et
917 2208 1050 2272 firmare
1065 2210 1187 2272 dictam
1203 2212 1322 2273 sociata

154 2347 256 2408 super
271 2327 367 2389 dictis
387 2327 541 2409 capitulis
555 2340 587 2388 et
608 2325 711 2387 facere
726 2339 757 2387 et
773 2326 967 2407 promittere
987 2339 1019 2388 et
1037 2325 1169 2389 firmare
1190 2341 1222 2389 et
1244 2330 1286 2389 ob

155 2463 289 2525 queque
305 2444 368 2505 alia
384 2462 481 2524 super
497 2443 583 2504 dicta
600 2445 753 2504 societate
768 2443 1007 2515 contrahenda,
1023 2442 1185 2506 firmanda
1198 2458 1230 2505 et
1253 2464 1284 2525 pr

158 2559 260 2621 tenda
283 2573 315 2621 et
337 2559 516 2640 obliganda
540 2558 665 2620 suerint
687 2572 865 2640 oportuna.
956 2559 1061 2640 Super
1084 2559 1206 2639 quibus
1234 2560 1260 2619 d·

158 2674 394 2737 Bartolomeus
409 2675 448 2735 de
463 2674 640 2736 Nuvolone
656 2693 717 2756 pro
741 2675 899 2736 Ancianis
916 2673 1035 2754 Populi
1055 2675 1195 2735 Mantus
1213 2690 1244 2737 et
1262 2676 1286 2737 P

158 2791 300 2852 Mantue
316 2790 411 2863 dixit,
426 2789 580 2872 quod(b),
596 2790 751 2853 invocato
767 2789 892 2851 Christi
910 2791 1053 2863 nomine,
1070 2790 1109 2850 ad
1126 2791 1300 2854 concordia

153 2905 346 2967 societatem
363 2903 561 2968 firmandam
574 2906 661 2967 inter
674 2904 861 2968 Commune
877 2919 1029 2967 nostrum
1044 2906 1142 2967 simul
1165 2926 1240 2968 cum
1256 2908 1304 2970 dor

157 3017 352 3083 marchione
375 3021 502 3082 Estensi
531 3035 563 3083 et
589 3021 726 3083 domino
760 3021 914 3102 Lodoyco
937 3023 1056 3082 comite
1087 3022 1214 3085 Verone
1240 3037 1271 3085 e*

156 3137 318 3201 munibus
340 3139 479 3201 Mantue
501 3153 533 3201 et
556 3138 705 3201 Ferrarie
728 3154 758 3201 et
782 3139 893 3199 Padue
909 3158 946 3199 ex
965 3153 1057 3219 parte
1074 3159 1140 3200 una
1162 3153 1192 3202 et
1217 3140 1256 3201 do

157 3253 326 3316 Ubertum
350 3254 574 3317 marchionem
600 3255 839 3316 Pellavicihum
863 3270 894 3317 et
917 3255 1092 3315 dominum
1116 3255 1249 3317 Bosium

156 3369 253 3429 varia
269 3382 301 3430 et
317 3367 504 3431 Commune
527 3369 699 3443 Cremone‚
715 3371 808 3431 iuxta
825 3371 966 3430 formam
983 3370 1150 3431 dictorum
1166 3390 1225 3451 cap

151 3484 331 3556 societatis,
344 3498 444 3566 prout
457 3486 489 3546 in
507 3487 730 3567 propositione
745 3487 935 3547 continetur
951 3485 1109 3566 superius,
1130 3505 1228 3566 proce

154 3616 191 3664 et
214 3601 301 3682 quod
324 3601 478 3663 dominus
501 3607 569 3682 Aco
594 3603 652 3664 Dei
677 3617 708 3664 et
727 3603 905 3683 apostolica
929 3601 1034 3683 gratia
1059 3603 1203 3662 Estensis

156 3717 288 3778 nitatus
310 3717 459 3779 marchio
481 3730 512 3779 et
534 3718 689 3780 dominus
713 3719 886 3800 Lodoycus
909 3738 1014 3778 comes
1040 3718 1149 3778 Veron

154 3831 340 3894 Catelanus
361 3833 489 3896 domini
513 3834 678 3897 Guidonis
693 3835 826 3897 domine
852 3836 965 3896 Hostie
984 3849 1126 3915 potestas

152 3949 299 4012 toritate
322 3948 421 4011 huius
444 3950 594 4024 Consilii,
610 3973 670 4034 pro
689 3953 870 4014 Communi
889 3953 1027 4012 Mantue
1051 3953 1148 4031 possit

152 4066 287 4145 eligere,
308 4078 454 4128 statuere
475 4080 506 4128 et
529 4068 684 4129 ordinare
707 4083 736 4128 et
762 4069 902 4139 firmare,
925 4067 1061 4127 consilio

153 4197 233 4245 tum
250 4183 341 4256 iuris,
353 4185 410 4266 qni
427 4185 489 4246 sibi
504 4184 718 4256 videbuntur,
743 4187 851 4266 plures
868 4186 900 4244 in
917 4185 1058 4245 sindicos

154 4314 227 4372 tue,
249 4301 306 4382 qui
318 4301 380 4363 sibi
404 4301 619 4372 videbuntur,
635 4305 718 4363 sicut
735 4303 925 4363 continetur
941 4302 1072 4380 superiu

154 4415 211 4478 vel
233 4419 317 4479 sicut
340 4421 416 4500 ipsis
439 4417 581 4479 dominis
598 4419 714 4479 melius
729 4434 759 4479 et
778 4419 892 4478 utilius
915 4431 945 4477 ct
971 4417 1072 4496 magis

211 4589 249 4642 (a)
264 4590 342 4640 Quetlo
358 4591 415 4644 quod
430 4589 567 4643 tparanete
584 4593 609 4632 nl
618 4592 676 4644 quod
690 4593 728 4630 che
743 4596 869 4630 trasennam
880 4603 943 4628 verso
955 4590 974 4628 il
984 4590 1072 4640 princip

154 4662 293 4718 procedetur.
361 4662 394 4716 (c)
408 4665 468 4704 neno
484 4665 513 4703 da
529 4667 586 4717 quocl
606 4666 643 4703 chr
655 4663 754 4714 precede.
