2874 4748
42 547 99 607 326
341 568 510 609 tenesmon
534 569 593 608 raa
617 567 745 610 arraona
768 569 786 610 u
808 567 961 608 naurova
1248 511 1261 544 ι

47 671 1275 686 -u———ffl—

40 795 153 844 mento
173 783 296 863 scripto
319 803 421 844 manu
445 782 507 844 mei
533 781 699 844 Adelberii
724 782 845 843 notarii
863 781 1076 862 infrascripti,
1096 800 1131 842 ac
1156 780 1225 842 vice
1241 792 1273 841 et

40 895 175 958 nomine
186 897 330 960 civitatis
355 898 492 960 Mantue
507 911 538 960 et
555 897 697 958 aliorum
715 897 863 958 locorum
879 910 911 958 et
926 910 1104 967 terrarum,
1116 915 1180 978 que
1193 908 1272 958 sunt

38 1012 242 1076 iurisditioni
258 1027 289 1076 et
305 1013 455 1076 dominio
471 1014 693 1096 predictorum
718 1013 930 1076 dominorum
949 1013 1138 1074 Bardelloni
1158 1025 1190 1074 et
1209 1012 1275 1072 Ta·

39 1128 109 1208 gini
131 1143 162 1189 et
185 1128 360 1190 cuiuslibet
382 1148 495 1190 eorum
519 1129 664 1190 subiecta
687 1143 718 1190 et
742 1128 999 1190 universitatum
1023 1147 1137 1189 earum
1161 1147 1199 1188 ex
1227 1126 1274 1186 al-

40 1260 121 1315 tera,
204 1245 537 1328 volentesantiquam
561 1260 592 1307 et
616 1246 827 1324 antiquatam
846 1244 1029 1305 amicitiam
1042 1259 1073 1305 et
1091 1243 1271 1306 benevolen

41 1363 122 1422 tiam
147 1360 296 1421 habitam
317 1362 404 1422 inter
428 1361 565 1424 maiores
587 1361 704 1422 domus
727 1362 870 1422 Estensis
885 1374 917 1421 et
934 1363 1072 1422 maiores
1097 1359 1272 1420 doctorum

43 1476 263 1538 Domitiorum
281 1477 319 1538 de
336 1477 523 1538 Bonacolsis
538 1479 708 1548 innovare,
725 1492 878 1558 repetere,
894 1477 1096 1538 consolidare
1112 1489 1144 1537 et
1157 1475 1277 1536 reinte-

42 1615 147 1675 grare,
169 1614 244 1654 cum
268 1595 370 1677 pactis
402 1594 500 1655 etiam
537 1594 684 1676 antiquis
707 1593 830 1655 habitis
851 1593 931 1655 olim
954 1609 986 1654 et
1009 1591 1153 1654 obtentis
1186 1590 1274 1652 inter

44 1710 210 1771 Comunia
235 1711 384 1772 Ferrarie
407 1725 438 1772 et
463 1711 611 1780 Mantue‚
633 1731 729 1792 super
749 1711 870 1790 quibus
893 1709 995 1790 pactis
1017 1709 1077 1788 [et]
1099 1713 1148 1782 (a)
1175 1725 1297 1791 super·

44 1828 130 1889 facto
162 1843 383 1890 mercatorum
413 1841 444 1889 et
467 1829 708 1889 mercationum
736 1827 907 1904 utriusque
940 1827 1097 1887 Civitatis
1124 1838 1156 1886 et
1177 1843 1275 1904 super

43 1945 114 2005 iure
137 1943 314 2006 reddiendo
335 1944 462 2004 civibus
485 1946 657 2024 utriusque
681 1943 838 2004 Civitatis
861 1943 1035 2003 hincinde
1060 1940 1275 2023 provideatur

44 2080 98 2141 per
121 2061 246 2121 dictum
269 2060 444 2121 dominum
468 2065 613 2130 Aeonem
639 2061 863 2120 marchionem
893 2073 923 2120 et
946 2059 1119 2120 dominum
1145 2055 1275 2117 Franci-

42 2180 156 2239 schum
178 2179 247 2240 eius
271 2178 405 2240 fratrem
429 2193 460 2240 et
484 2179 657 2238 dominum
678 2178 912 2239 Bardellonum
933 2177 1156 2260 Capitoneum
1181 2175 1276 2234 Man-

43 2311 185 2357 tuanum
209 2312 240 2357 ct
263 2296 436 2356 dominum
461 2295 629 2374 Taginum
647 2296 715 2354 eius
734 2295 880 2364 fratrem,
903 2294 1062 2364 inierunt,
1079 2292 1228 2353 fecerunt
1243 2305 1276 2352 et

43 2426 283 2473 contraxerunt
307 2413 393 2473 inter
415 2433 447 2471 se
470 2411 609 2471 vicissim
635 2432 745 2471 reram
763 2426 793 2472 et
812 2431 929 2492 puram
956 2410 1212 2478 fraternitatem,
1227 2427 1276 2468 so-

43 2531 206 2598 cietatem,
229 2529 328 2606 figam
345 2543 377 2588 et
394 2528 562 2596 unionem,
577 2543 733 2608 perpetuo
754 2543 784 2588 et
802 2526 1040 2587 inviolabiliter
1063 2525 1277 2594 duraturam,

44 2645 242 2726 promittens
264 2644 370 2704 dictus
392 2644 546 2705 dominus
568 2645 718 2725 Taginus
741 2665 800 2725 pro
823 2665 852 2705 se
869 2659 898 2704 et
921 2663 980 2703 suo
996 2643 1130 2704 nomine
1153 2655 1184 2701 et
1201 2661 1277 2720 pro·

42 2763 212 2824 curatorio
237 2762 371 2822 nomine
394 2761 472 2822 dicti
496 2762 623 2822 domini
650 2762 837 2822 Bardelloni
871 2759 1035 2840 capitanei
1060 2760 1198 2820 Mantue
1225 2759 1276 2818 sui

45 2879 157 2940 fratris
179 2892 210 2938 et
235 2878 368 2937 nomine
392 2897 458 2956 quo
480 2897 589 2958 supra,
612 2878 701 2938 dicto
734 2876 869 2937 domino
902 2876 1007 2952 Aponi
1034 2873 1221 2936 marchioni
1244 2887 1277 2935 et

44 2997 132 3055 dicto
145 2995 281 3054 domino
305 2993 504 3054 Francischo
517 2996 585 3054 eius
604 2995 708 3064 fratri,
725 2995 831 3074 ipsum
856 2993 1029 3054 dominum
1049 2989 1277 3052 marchionem

46 3115 189 3185 Aeonem
214 3124 244 3168 et
269 3109 337 3168 eius
361 3107 442 3167 filios
464 3124 495 3168 et
527 3109 657 3168 heredes
682 3109 713 3168 in
738 3109 887 3168 dominio
916 3107 1092 3168 civitatum
1116 3105 1278 3177 Ferraria,

48 3227 178 3286 hfutine
200 3239 231 3284 et
257 3224 347 3304 Regii
372 3241 402 3284 et
427 3225 460 3283 in
484 3226 639 3284 omnihus
661 3227 726 3283 suis
749 3225 913 3295 dominiis,
939 3224 1129 3294 honoribus,
1148 3222 1279 3282 iuribus

45 3358 76 3402 et
99 3342 383 3402 iurisdictionibus
406 3343 611 3420 presentibus
627 3358 657 3402 et
677 3343 796 3402 futuris
824 3357 853 3402 et
879 3363 974 3423 super
990 3343 1082 3402 omni
1105 3341 1174 3400 eius
1188 3354 1277 3400 terra

44 3473 74 3520 et
99 3458 250 3518 districtu
274 3472 388 3517 contra
413 3479 543 3520 omnem
569 3480 750 3539 personam,
774 3461 947 3538 collegium
970 3475 1000 3520 et
1026 3458 1278 3520 universitatem

45 3577 83 3635 de
101 3575 227 3636 mundo
244 3575 492 3635 inimicabiliter
510 3577 734 3644 insanientem,
757 3592 973 3656 occupantem
991 3591 1022 3637 et
1035 3575 1277 3654 ingredientem

45 3695 112 3752 eius
135 3707 256 3752 terram
282 3705 312 3751 et
336 3692 523 3751 districtum
548 3708 577 3752 et
604 3693 685 3760 iura,
710 3694 878 3761 adiuvare,
911 3691 1093 3762 defendere,
1127 3705 1280 3751 manute-

48 3830 122 3871 nere
146 3823 176 3868 et
200 3827 401 3876 conservare,
425 3822 454 3867 et
479 3810 583 3888 ipsum
611 3809 783 3868 dominnm
809 3809 833 3868 F
840 3809 1046 3870 rancisehum
1070 3809 1103 3867 in
1123 3807 1281 3868 omnibus

45 3927 111 3984 suis
134 3925 326 3991 honoribus,
350 3927 477 3984 iuribus
493 3941 523 3986 et
540 3927 806 3986 inrisditionihus
830 3927 998 3994 adiurare,
1015 3924 1197 3994 defendere,
1215 3943 1281 3983 ma·

48 4057 205 4100 nutenere
218 4056 248 4100 et
265 4062 467 4108 conservare,
489 4042 600 4101 eodem
624 4044 730 4113 morin,
750 4055 786 4102 nt
812 4042 1039 4121 supradictum
1062 4053 1117 4110 est,
1136 4039 1205 4098 sine
1222 4040 1281 4099 ali·

48 4158 216 4236 ,mosali-o
229 4172 259 4216 et
276 4158 342 4215 sine
360 4157 470 4236 aliqua
495 4161 700 4237 exceptione,
765 4160 796 4218 in
815 4159 886 4217 aliis
904 4157 1131 4224 noroensibus,
1153 4175 1281 4235 semper

46 4271 258 4350 saltispactis
281 4287 311 4331 ct
335 4292 422 4351 pace,
446 4293 507 4351 que
531 4273 608 4332 dicti
634 4274 760 4333 domini
782 4274 998 4333 hardellonus
1020 4286 1050 4332 et
1074 4270 1226 4350 Taginus
1248 4285 1280 4332 et

49 4385 199 4446 Comune
226 4389 362 4447 hiantue
388 4389 509 4448 hahent
526 4410 599 4448 curn
620 4391 763 4450 (Ionium
783 4390 893 4448 l'adue
916 4405 946 4448 et
970 4408 1043 4448 eum
1068 4388 1204 4449 domino
1224 4389 1283 4448 Al-

50 4504 141 4552 iwrfrt
164 4503 201 4552 dr*
226 4505 252 4552 in
279 4505 368 4552 §sahi
395 4518 424 4552 nt
449 4505 585 4552 thimiun
604 4507 814 4552 finrrmhsmms
836 4506 903 4553 ain<
922 4505 988 4552 tilia
1021 4504 1203 4552 rnnitnnois
1221 4505 1283 4552 Vn.
