2834 4792
402 467 571 510 RELAZiONI
595 468 655 508 ΠΛ
677 468 806 510 VERONA
829 470 847 510 E
872 470 1024 512 uANTovn

179 839 259 901 Item
283 839 321 901 de
345 839 509 902 Cremona
532 843 590 920 (α).

179 1082 223 1143 ΙΝ
247 1081 373 1145 Christi
391 1085 534 1146 nomine.
635 1087 694 1149 Die
708 1088 814 1150 sabati
838 1109 888 1150 ·x·
911 1089 1059 1151 intrante
1074 1089 1170 1150 mai0.
1254 1110 1328 1171 pre-

94 1200 242 1260 sentibus
264 1201 407 1261 dominis
429 1199 666 1264 Bartholameo
688 1204 726 1265 de
749 1206 929 1267 Nuvolono
944 1220 976 1267 et
994 1205 1134 1287 Agnello
1156 1206 1263 1267 iudice
1286 1205 1324 1268 de

96 1315 232 1390 Suearia
244 1317 288 1392 (ἲ)
301 1323 347 1391 (r)
363 1329 394 1377 et
412 1317 649 1400 Montemagno
664 1318 702 1380 de
719 1320 944 1382 Stancialibus
962 1335 993 1383 et
1012 1320 1156 1383 Henrico
1171 1322 1210 1383 de
1226 1321 1326 1384 Cam-

96 1432 210 1512 pitello
232 1445 263 1493 et
286 1431 449 1494 Paxolino
471 1434 509 1494 de
531 1434 636 1495 Turri
653 1437 790 1497 testibus
804 1450 834 1498 et
849 1438 921 1499 aliis
937 1440 1069 1517 rogatis,
1083 1457 1180 1518 super
1196 1437 1325 1519 palacio

96 1549 129 1609 in
146 1567 213 1630 quo
229 1548 358 1610 habitat
375 1549 529 1610 dominus
549 1551 698 1612 marchio
714 1551 866 1613 Estensis.
952 1553 1066 1634 Ibique
1083 1536 1149 1632 ipse
1168 1554 1325 1615 dominus

94 1669 163 1725 Azo
187 1664 246 1725 Dei
268 1677 299 1725 et
323 1665 510 1745 Apostolica
545 1667 651 1746 gratia
683 1668 826 1728 Estensis
848 1683 879 1729 et
903 1670 1141 1730 Anconitanus
1172 1670 1322 1730 marchio

93 1793 125 1841 et
148 1779 299 1841 dominos
322 1779 495 1861 Lodoycus
510 1801 615 1843 comes
632 1782 828 1844 Veronensis
850 1799 880 1845 et
895 1784 1049 1845 dominus
1072 1783 1251 1847 Catelanus
1267 1785 1323 1846 do-

77 1897 178 1958 mini
201 1895 366 1958 Guidonis
387 1897 518 1959 domine
543 1898 657 1960 Hostie
690 1912 830 1980 potestas
865 1901 1012 1972 Mantue,
1041 1902 1241 1963 auctoritate
1264 1922 1325 1982 pu-

96 2014 170 2074 blici
194 2014 332 2095 Consilii
351 2014 547 2076 Communis
570 2016 708 2077 Mantue
724 2016 783 2076 sibi
807 2017 884 2077 data
908 2034 939 2078 et
962 2037 1109 2078 concessa
1132 2040 1149 2080 a
1174 2017 1325 2080 Consilio

94 2143 125 2192 et
142 2131 321 2191 Communi
341 2132 490 2202 Mantue,
512 2147 611 2213 prout
632 2133 823 2194 continetur
847 2134 878 2194 in
905 2153 971 2194 uno
991 2135 1213 2196 instrumento
1235 2133 1324 2195 iacto

94 2267 149 2328 per
173 2267 223 2307 me
246 2247 426 2320 notarium,
448 2250 616 2328 elegerunt
639 2262 670 2310 et
693 2263 884 2311 statuerunt
911 2251 944 2310 in
961 2251 1102 2311 sindicus
1125 2249 1325 2312 Communis

97 2364 235 2424 Mantue
256 2365 408 2425 dominos
431 2365 587 2426 Rufinum
605 2365 643 2426 de
659 2366 827 2448 Canicalis
843 2381 873 2427 et
892 2367 1101 2428 Bonifatium
1132 2368 1170 2428 de
1193 2368 1324 2429 Arlotis

94 2480 141 2539 ibi
164 2494 336 2560 presentes,
358 2500 479 2584 omnes
492 2482 713 2542 communiter
736 2482 775 2542 ad
802 2482 991 2552 faciendem,
1007 2483 1187 2544 iurandum
1210 2498 1241 2544 et
1268 2482 1323 2542 fir-

95 2599 252 2658 mandum
278 2617 337 2678 pto
361 2599 511 2669 Mantua,
533 2599 630 2658 simui
654 2617 728 2659 cum
746 2598 815 2678 ipso
830 2599 966 2659 domino
989 2599 1179 2658 marchione
1194 2599 1321 2659 Estensi

92 2727 123 2775 et
139 2715 275 2775 domino
298 2716 454 2796 Lodoyco
475 2716 594 2777 comite
619 2717 755 2786 Verone,
772 2731 802 2777 et
819 2716 1063 2777 Communibus
1090 2716 1238 2802 Mantue,
1263 2715 1325 2774 Pa—

92 2829 156 2892 due
179 2846 209 2893 et
233 2832 393 2904 Ferrarie,
415 2853 469 2892 seu
492 2834 557 2892 suis
579 2833 718 2904 nunciis,
753 2833 1024 2913 procuratoribus
1054 2833 1104 2892 vel
1126 2832 1260 2891 sindicis
1283 2851 1322 2891 ex

94 2963 187 3028 parte
211 2969 286 3018 una,
309 2970 383 3010 cum
407 2950 543 3011 domino
560 2950 687 3011 Uberto
703 2951 894 3012 marchione
914 2950 1120 3016 Pellavicino
1139 2964 1169 3010 et
1185 2950 1325 3011 domino

94 3064 189 3125 Bosio
212 3066 250 3126 de
274 3066 418 3127 Dovaria
441 3082 471 3126 et
496 3067 675 3128 Communi
709 3067 869 3128 Cremoue
892 3089 928 3127 ex
954 3083 1045 3146 parte
1075 3067 1188 3136 altera,
1211 3087 1270 3146 pro
1291 3087 1323 3126 se

92 3197 123 3242 et
146 3183 300 3243 omnibus
323 3204 435 3244 eorum
460 3185 571 3244 amicis
595 3185 767 3264 utriusque
799 3185 911 3263 partis,
923 3185 1109 3244 societatem
1133 3197 1164 3243 et
1188 3202 1325 3243 concor-

93 3301 181 3361 diam
199 3322 308 3362 ueram
327 3316 356 3361 et
375 3321 502 3381 puram,
515 3321 722 3361 communem
740 3317 770 3361 et
786 3303 935 3381 equalem
954 3321 1011 3380 pro
1035 3300 1214 3360 Communi
1231 3300 1324 3359 Man·

94 3431 149 3478 tue
173 3432 330 3498 perpetuo
352 3418 578 3488 obtinendam,
595 3419 686 3477 iuxta
700 3417 840 3477 formam
857 3418 1081 3496 capitulorum
1099 3431 1129 3476 et
1146 3432 1322 3496 pactorum

92 3535 313 3614 provisorum,
337 3535 597 3613 approbatorum
614 3547 645 3594 et
662 3533 868 3593 firmatorum
895 3533 926 3590 in
951 3532 1123 3592 concordia
1149 3551 1204 3611 per
1220 3531 1326 3590 dictas

92 3664 211 3731 partes,
235 3663 333 3730 prout
358 3651 390 3710 in
414 3651 578 3730 scriptura
602 3650 685 3710 iacta
711 3670 765 3728 per
796 3649 956 3730 <jambam
983 3649 1151 3708 notarium
1174 3650 1325 3708 contine-

94 3781 160 3836 tur,
177 3782 207 3826 et
224 3768 263 3826 ad
288 3767 478 3847 prestandas
499 3767 687 3827 securitates
710 3779 739 3825 et
764 3765 801 3824 ad
820 3765 1093 3844 promittendum,
1117 3764 1325 3826 firmandum

92 3899 122 3930 ot
146 3884 360 3931 nisiionminm
386 3904 515 3930 rrrrrorrto
539 3885 599 3931 :iiio
622 3898 652 3931 et
669 3883 795 3931 <inania
817 3883 900 3931 riir'tu
923 3881 1069 3930 societati
1093 3896 1123 3930 et
1148 3880 1324 3930 r‘eini'nrciie
