2858 4792
452 408 543 451 noce.
565 407 664 450 xxxvi
687 409 706 449 n
729 408 861 450 xxxvii:
889 389 1056 468 1259-1265
1332 390 1371 470 93

213 621 372 704 Seguono
394 622 406 683 i
421 623 521 702 palti,
545 640 638 683 come
659 621 690 682 si
711 621 856 703 leggono
879 623 932 682 nel
959 621 1151 684 documento
1174 620 1227 684 del
1249 622 1294 683 28
1316 642 1370 684 no·

120 737 265 800 vembre
290 757 331 798 re
333 754 377 818 59
397 743 443 812 (n.
465 735 650 811 XXXIV),
666 735 749 799 ecio
769 737 843 799 sino
855 737 890 800 al
905 738 1042 800 termine
1053 737 1144 814 nield
1163 757 1180 818 7
1211 765 1226 795 a
1244 737 1371 800 Verone

119 867 159 914 et
174 851 420 914 Veronensis».
448 851 573 928 Quindi
586 849 645 913 'nel
659 861 815 933 presente
826 861 893 914 atto
909 853 944 914 di
952 872 1037 934 poce
1049 855 1079 915 si
1088 873 1258 937 prosegue
1279 852 1348 915 cosi
1361 877 1371 914 :

214 969 260 1030 Et
284 967 422 1048 predicti
445 968 486 1030 ad
510 967 652 1030 invicem
682 980 713 1029 et
737 968 878 1030 vicissim
907 989 964 1051 per
992 949 1244 1051 stipulationem
1271 970 1373 1032 solen·

124 1084 222 1145 niter
246 1083 470 1164 promiserunt
493 1103 560 1145 non
583 1083 695 1146 venire
717 1097 833 1146 contra
857 1085 1004 1166 predicta
1024 1087 1075 1147 vel
1092 1085 1227 1167 aliquod
1251 1085 1373 1167 predic-

124 1219 263 1274 torum,
284 1215 316 1264 et
339 1205 511 1266 restituere
537 1203 659 1265 damna
688 1218 720 1265 et
749 1223 904 1286 expensas
930 1203 965 1264 in
987 1203 1139 1286 duplum,
1165 1223 1228 1285 que
1254 1203 1320 1265 lien

123 1322 220 1380 circa
246 1318 393 1401 predicta
415 1318 468 1380 vel
491 1318 626 1399 aliquod
649 1319 886 1399 predictorum,
908 1319 1097 1380 iaciendum
1120 1320 1168 1400 (a)
1191 1331 1276 1381 atter

126 1435 267 1518 plenius
288 1435 466 1497 observari.
570 1435 614 1496 Et
636 1433 771 1516 insuper
793 1435 932 1516 predicti
961 1435 1089 1497 domini
1112 1435 1151 1498 de
1175 1434 1304 1496 Verona

129 1553 244 1613 l'acere
273 1565 304 1614 et
332 1570 448 1614 curare
472 1551 697 1632 promiserunt
718 1551 814 1612 dictis
834 1549 967 1614 sindicis
995 1551 1034 1612 de
1065 1551 1207 1614 Mantua
1231 1570 1291 1632 pro

130 1666 234 1728 muni
260 1667 409 1737 Mantue,
430 1666 520 1747 quod
542 1665 600 1727 fiat
623 1684 680 1747 per
701 1665 902 1727 Potestatem
936 1679 967 1727 et
999 1664 1159 1726 Homines
1182 1665 1291 1727 Veron

131 1780 260 1843 maiori
285 1795 316 1840 et
344 1781 478 1861 publico
501 1779 649 1843 Consilio
677 1778 839 1843 Comunis
862 1779 991 1843 Verone
1012 1781 1127 1842 similis
1150 1801 1224 1862 pax,
1248 1779 1321 1842 linis

129 1896 286 1958 remissio
308 1896 342 1957 in
366 1895 522 1958 omnibus
537 1908 569 1957 et
584 1914 642 1977 per
663 1898 786 1967 omnia,
809 1908 846 1956 ut
869 1895 902 1958 in
926 1897 1151 1978 superioribus
1172 1895 1322 1958 continet

129 2012 272 2074 sindicis
295 2009 456 2074 Comunis
474 2013 622 2085 Mantue,
639 2013 917 2093 quandocumque
933 2012 974 2073 ab
990 2012 1066 2093 ipsis
1080 2012 1212 2073 sindicis
1236 2013 1315 2072 Man

131 2147 198 2209 pro
221 2127 368 2190 Comuni
392 2127 530 2190 Mantue
553 2126 653 2190 fuerit
675 2127 883 2209 requisitum,
903 2128 965 2188 sub
987 2146 1069 2208 pena
1093 2127 1187 2208 dupli
1209 2125 1323 2188 damni

129 2261 369 2326 expensarum.
453 2243 505 2304 Ad
527 2242 586 2304 hec
608 2243 642 2304 in
665 2243 754 2304 dicto
777 2241 925 2306 Consilio
949 2243 1070 2304 Maiori
1100 2242 1261 2304 Comanis
1285 2243 1300 2304 l

132 2375 205 2433 tue,
225 2359 266 2420 ad
290 2361 449 2421 maiorem
465 2355 659 2421 firmitatem
682 2372 713 2421 et
736 2359 1042 2421 corroborationem
1065 2358 1316 2440 predictorum

134 2475 235 2536 nium
251 2487 283 2535 et
301 2473 521 2554 singulorum,
537 2474 675 2555 predicti
690 2473 817 2535 domini
831 2475 1070 2546 amburatores,
1084 2473 1196 2549 nuncii
1213 2488 1270 2535 ets

132 2589 304 2652 Comunis
318 2589 447 2650 Verone
469 2590 514 2668 [et
538 2589 749 2668 Mantue](b)
772 2608 832 2670 pro
854 2589 1008 2670 predictis
1030 2588 1238 2650 Comunibus
1260 2608 1268 2636 ⁶

133 2705 288 2768 minibus
319 2704 461 2766 vicissim
495 2705 581 2766 inter
603 2724 634 2765 se
656 2705 744 2786 pacis
765 2704 874 2765 oscula
905 2704 1098 2765 tribuerunt
1127 2719 1159 2765 et
1185 2703 1232 2764 iur

132 2821 279 2904 prestito
301 2819 531 2882 firmaverunt.

225 2938 349 2996 Actum
374 2937 408 2997 in
429 2936 557 3018 palacio
579 2938 682 2999 veteri
705 2936 867 3000 Comunis
890 2937 1038 3009 Mantue,
1060 2954 1194 3000 curente
1217 2955 1284 3000 mit<

131 3051 367 3114 ducentesimo
388 3052 663 3134 quinquagesimo
686 3074 784 3125 nono,
808 3053 975 3114 indicione
995 3055 1147 3116 secunda.

222 3221 307 3286 EGo
331 3221 492 3284 Vivaldus
514 3222 640 3284 domini
676 3223 849 3285 Gratiadei
877 3224 959 3284 sacri
984 3224 1100 3306 palacii
1132 3240 1228 3287 notar

133 3339 231 3400 dicta
255 3336 323 3400 vidi
345 3338 510 3400 contineri
540 3351 571 3400 et
600 3339 721 3422 scripta
744 3360 807 3401 esse
836 3339 870 3400 in
894 3339 986 3400 libris
1016 3355 1176 3422 pactorun

137 3455 285 3517 Mantue
307 3467 339 3515 et
362 3452 415 3514 hic
437 3454 631 3516 secundario
654 3455 848 3537 exemplavi.

193 3641 232 3696 (a)
246 3643 266 3682 A
279 3639 371 3682 faciend'
440 3642 474 3697 (l)
488 3643 571 3692 Quesla
579 3645 651 3696 srase
665 3657 750 3684 emessa
765 3644 803 3684 nel
816 3657 855 3685 ms.
876 3645 962 3694 leggesi
973 3645 1091 3689 resn'rm‘ta,

134 3714 297 3758 uettednim
311 3714 349 3756 dcl
361 3715 460 3757 D'Arce.

678 3983 851 4046 XXXVII.

214 4188 319 4244 Trovo
340 4188 397 4244 che
417 4196 499 4244 sotto
530 4189 552 4243 il
578 4190 647 4246 1265
668 4192 676 4245 i
699 4193 878 4248 lilantovani
905 4211 992 4263 vengt

134 4293 290 4352 Ecclesiae
297 4293 408 4366 fideles.
423 4295 577 4365 Veggansi
592 4296 634 4366 gli
649 4298 727 4352 Arne.
743 4298 773 4351 S.
788 4298 926 4364 Iustinae,
948 4301 992 4355 lle

137 4401 231 4470 XIX,
252 4401 312 4456 188.

218 4579 323 4634 Fontrt.
344 4612 377 4620 —
397 4580 435 4636 Α.
474 4581 498 4635 Il
518 4593 661 4652 presente
677 4585 863 4641 documento
878 4589 902 4641 si
919 4588 992 4660 leggt

136 4705 248 4757 man0,
267 4687 320 4743 nel
338 4689 398 4743 vol.
424 4692 435 4719 ‘¹
450 4689 532 4744 Priv.
554 4691 637 4744 Corn.
660 4692 753 4746 liant.
769 4735 793 4761 .,‚
814 4695 832 4748 l'.
853 4698 887 4749 66
900 4715 916 4748 r
936 4729 969 4736 —
990 4717 992 4745 ι
