2858 4792
108 499 163 542 120
404 497 572 540 RELAZlONl
595 496 657 539 Fun
679 497 808 542 VERONA
830 497 850 540 E
872 498 1025 539 uxNTovn

102 709 185 772 mini
208 707 350 787 Obigoni
373 709 575 771 marchionis
597 707 741 770 Estensis
756 721 788 770 et
803 707 1020 781 Anconitani,
1041 708 1100 790 qui
1125 707 1261 773 fuerunt
1279 731 1341 792 pro

102 826 250 908 predicto
272 826 408 889 domino
425 825 628 897 Marchione,
642 839 674 888 et
689 826 863 888 dominum
888 825 1080 907 Lodoycum
1103 829 1258 890 comitem
1276 828 1340 890 Ve-

101 961 180 1004 rone
201 957 234 1006 et
255 941 429 1004 dominum
460 943 637 1004 Albertum
660 941 699 1004 de
722 941 875 1004 Fontana
899 961 958 1022 pro
979 963 1010 1004 se
1032 955 1063 1005 et
1086 941 1223 1005 domino
1246 964 1338 1007 mar-

99 1060 218 1122 chione
248 1059 502 1132 Montisl'errati,
533 1074 565 1121 et
598 1059 734 1120 nomine
766 1058 875 1121 Partis
896 1061 1077 1122 extrinsece
1100 1059 1279 1132 placentie,
1303 1077 1337 1122 et

100 1176 303 1240 Communia
319 1177 496 1239 civitatum
514 1176 705 1247 Mediolani,
720 1176 918 1248 Cumarum,
940 1175 1065 1248 Laude,
1081 1177 1236 1249 Novarie,
1252 1178 1334 1241 Ver-

100 1295 271 1367 cellarum,
286 1293 457 1375 Pergami,
474 1293 594 1365 Brixie,
617 1293 767 1364 Mantue,
783 1291 943 1364 ferrarie,
966 1292 1089 1364 padue,
1110 1293 1246 1373 Trivisj,
1263 1295 1338 1355 Mu-

100 1413 180 1486 tine,
203 1412 309 1494 Regij,
330 1393 691 1474 ambaxatores'l‘artis
721 1410 885 1473 Cremone
906 1412 1096 1482 extrinsece,
1117 1431 1172 1474 seu
1196 1431 1252 1493 per
1265 1433 1336 1475 am·

102 1530 274 1590 baxatores
297 1529 443 1610 ipsarum
466 1527 655 1590 Civitatum
677 1540 708 1589 et
732 1526 895 1597 Partium,
923 1525 1074 1588 videlicet
1100 1527 1190 1608 quod
1212 1528 1334 1590 debent

103 1645 222 1706 habere
242 1658 275 1707 et
298 1658 408 1706 tenere
429 1643 551 1706 amicos
572 1663 631 1725 pro
654 1643 768 1705 amicis
796 1657 827 1705 et
851 1642 1001 1705 inimicos
1023 1649 1073 1718 (α)
1106 1662 1166 1724 pro
1193 1643 1338 1705 inimicis

100 1776 132 1823 et
154 1782 186 1823 se
207 1761 248 1822 ad
271 1760 412 1822 invicem
435 1761 594 1823 adiuvare
626 1779 684 1840 pro
708 1779 796 1840 posse
817 1779 877 1821 suo
898 1773 930 1822 et
954 1775 1169 1821 manutenere
1192 1760 1278 1822 inter
1300 1781 1334 1820 se

101 1879 141 1940 ad
157 1878 310 1949 invicem,
327 1892 358 1939 et
381 1896 534 1959 guerram
560 1876 663 1938 facere
686 1876 829 1938 inimicis
854 1877 998 1958 ipsarum
1022 1877 1200 1939 civitatum
1223 1891 1253 1939 et
1277 1896 1335 1938 cu-

101 1995 233 2056 iuslibet
255 2015 380 2066 earum,
401 2011 433 2056 et
456 1994 594 2076 predicti
609 1994 736 2055 domini
754 1994 837 2074 regis
853 1993 963 2055 Sicilie
985 2008 1016 2055 et
1033 1993 1258 2074 predictorum
1275 1993 1334 2055 do·

102 2113 270 2173 minorum
295 2111 497 2173 Marchionis
511 2124 542 2173 et
560 2109 700 2172 Comitis
715 2125 746 2172 et
768 2110 920 2172 Partium
944 2108 1107 2173 Cremone
1119 2125 1150 2172 et
1167 2111 1338 2173 Placentie

100 2228 370 2299 extrinsecarum,
388 2243 419 2290 et
436 2248 589 2308 guerram
608 2228 712 2289 lacere
725 2227 867 2289 inimicis
883 2227 1022 2288 Ecclesie
1049 2242 1160 2288 sancte
1174 2227 1336 2298 Romane,

101 2359 132 2405 et
153 2342 335 2424 specialiter
353 2343 532 2404 exercitum
549 2343 699 2423 generale
714 2361 788 2403 cum
804 2342 940 2403 carociis
962 2357 1077 2403 contra
1100 2340 1239 2423 perfidos
1255 2339 1339 2402 Cre·

101 2480 271 2522 monenses
293 2459 370 2521 hinc
383 2460 424 2522 ad
437 2459 582 2522 medium
601 2459 718 2521 mensis
735 2459 835 2520 madii
860 2458 1008 2540 proxime
1022 2458 1168 2520 venturi.
1251 2458 1334 2519 Item

101 2577 188 2659 quod
211 2577 350 2638 debeant
373 2577 532 2638 mandare
560 2577 791 2638 ambaxatores
814 2576 854 2637 ad
876 2577 1050 2637 dominum
1078 2575 1215 2656 Papam,
1236 2589 1268 2636 et
1291 2575 1333 2635 ad

100 2693 273 2754 dominum
297 2691 460 2753 Catulum
485 2712 591 2772 regem
618 2691 727 2752 Sicilie
743 2711 802 2772 pro
819 2691 906 2751 bono
927 2705 1016 2751 statu
1035 2705 1066 2752 et
1082 2689 1337 2753 confirmatione

100 2811 186 2872 dicte
207 2809 382 2880 societatis,
403 2825 434 2870 et
458 2829 517 2890 pro
539 2810 744 2871 destrutione
765 2824 796 2871 et
817 2809 1010 2871 confusione
1033 2809 1179 2870 facienda
1210 2809 1248 2869 de
1271 2809 1336 2869 ini—

102 2927 193 2987 micis
216 2926 355 2987 Ecclesie
378 2927 527 2987 Romane
549 2941 580 2988 et
603 2926 730 2987 domini
754 2927 836 3006 regis
859 2926 967 2988 Sicilie
990 2941 1020 2987 et
1045 2925 1210 2987 dictorum
1229 2925 1336 2986 domi-

102 3062 221 3103 norum
247 3042 451 3102 Marchionis
465 3059 496 3104 et
513 3042 654 3104 Comitis
670 3058 701 3104 et
720 3043 886 3104 dictarum
911 3043 1098 3103 Civitatem
1122 3057 1153 3103 ct
1170 3041 1336 3103 Partium.

183 3158 257 3230 Que
279 3159 391 3219 omnia
416 3159 571 3239 predicta,
595 3159 679 3221 lacta
703 3175 734 3221 et
754 3162 907 3221 ordinata
931 3160 1065 3220 suntad
1089 3158 1248 3220 honorem
1274 3158 1334 3219 Dei

102 3288 133 3335 et
155 3288 265 3334 sancte
289 3275 437 3336 Romane
460 3276 598 3336 Ecclesie
627 3290 657 3336 et
688 3275 814 3337 domini
839 3275 954 3336 Caroli
989 3277 1070 3354 regis
1094 3275 1213 3345 Sicilie,
1237 3277 1332 3336 etad

103 3391 261 3452 honorem
285 3405 316 3452 et
340 3391 464 3452 bonum
488 3406 610 3452 statum
641 3393 791 3453 omnium
820 3408 850 3453 et
873 3394 1080 3471 singularum
1106 3393 1331 3473 predictarum

103 3507 289 3569 Civitatum
316 3522 346 3569 et
370 3508 593 3589 predictorum
623 3510 835 3570 dominorum
861 3510 1062 3570 Marchionis
1084 3522 1114 3570 et
1139 3508 1279 3570 Comitis
1301 3525 1334 3569 tt

101 3623 255 3684 Porcium
280 3623 513 3704 predictarum,
529 3639 560 3684 et
577 3625 615 3685 nd
630 3625 869 3686 detrimentum
884 3641 914 3686 et
927 3625 1155 3686 confusionem
1178 3624 1331 3685 omnium

103 3742 312 3802 inimicorum
336 3757 445 3802 sancte
470 3742 619 3803 Romane
642 3743 780 3803 Ecclesie
802 3758 833 3803 et
849 3744 927 3804 dicti
951 3743 1077 3804 domini
1101 3743 1196 3824 Regis
1218 3757 1249 3803 et
1267 3741 1334 3802 dic·

102 3873 212 3919 tarum
235 3858 421 3919 Civitatum
436 3873 467 3919 et
488 3858 727 3919 Communium
750 3875 780 3920 et
805 3859 1011 3940 singulorum
1039 3879 1152 3920 earum
1176 3874 1207 3920 et
1229 3859 1335 3920 dicto·

103 3993 177 4035 rum
201 3975 403 4034 Marchionis
424 3988 455 4035 et
479 3973 629 4035 Comitis.
713 3975 786 4048 Que
809 3976 920 4036 omnia
944 3990 1015 4036 acta
1037 3989 1067 4035 et
1086 3976 1170 4038 lacta
1195 3975 1333 4037 fuerunt

102 4089 305 4168 presentibus
328 4105 358 4148 et
382 4090 664 4151 consentientibus
687 4092 958 4152 nxnbaxntoribus
984 4094 1129 4153 civitatis
1154 4093 1312 4154 Bononie.

181 4203 312 4263 Testes:
335 4204 461 4263 domini
479 4203 698 4264 Bonacursius
714 4207 843 4278 Cutica,
862 4208 1001 4267 lacobus
1024 4208 1120 4268 iudex
1144 4208 1182 4268 dc
1203 4207 1334 4288 Birag0,

103 4319 296 4398 lialvngnus
319 4319 507 4388 Stexnrtlus,
531 4321 624 4380 Musa
660 4321 807 4391 lllnlicus,
838 4323 991 4383 ndobato
1013 4324 1051 4384 tle
1076 4324 1208 4394 Severe,
1234 4322 1334 4383 Bacio

101 4436 139 4478 ¹lx»
163 4434 282 4479 Vivilio
326 4435 492 4478 Amcnlmttc
516 4436 553 4478 rin
577 4435 696 4478 solino
729 4458 840 4478 nnn-me
863 4439 1006 4478 »inimic
1033 4439 1209 4478 llo,linlnni
