2834 4792
356 465 518 508 innoxia
549 465 700 508 nannoni

356 724 360 748 ·
901 677 1006 758 pactis

356 841 357 852 ,
411 805 443 854 et
452 794 633 867 concordis,
645 795 869 866 sacramentis,
882 794 1006 875 quibus

413 911 593 976 Mantuani
619 927 777 976 tenentur
793 913 907 975 amicis
926 913 1005 972 suis.

454 1031 525 1092 Hoc
538 1032 741 1094 nominatim
753 1050 902 1113 expresso
913 1029 1004 1111 quod

409 1148 436 1209 si
463 1148 665 1212 Veronenses
697 1150 819 1212 vellent
851 1148 1003 1230 equitare

386 1331 390 1344 ,
412 1266 464 1327 vel
485 1265 666 1328 exercitum
691 1264 805 1335 facere,
826 1264 894 1326 sive
915 1262 1005 1344 equi·

412 1396 523 1446 tarent
545 1384 595 1445 vel
611 1384 828 1454 offenderent,
841 1402 898 1465 per
919 1400 1005 1443 com·

412 1519 514 1561 mune
546 1501 595 1562 vel
627 1498 782 1570 divisum,
816 1497 1004 1567 paduanos,

412 1635 472 1696 ego
487 1615 526 1677 de
542 1617 694 1692 Mantua,
708 1617 775 1678 sive
788 1616 938 1685 Mantue,
950 1614 1004 1674 vel

412 1731 483 1793 eius
519 1732 697 1803 districtus,
734 1751 800 1793 non
837 1727 1003 1791 offendam

414 1848 626 1921 Veronenses‚
656 1851 706 1910 vel
736 1862 859 1910 terram
886 1864 1004 1907 eorum

414 1966 466 2027 vel
487 1985 562 2026 suas
584 1985 746 2047 personas,
760 1965 882 2026 scilicet
905 1963 1007 2025 Vero·

416 2105 538 2158 nenses,
563 2106 619 2167 per
647 2105 822 2147 commune
849 2085 900 2145 vel
923 2082 1007 2143 divi-

413 2225 498 2268 sum.

498 2323 577 2384 ltem
611 2334 810 2403 compettam
843 2339 919 2382 eum
950 2318 1023 2399 ho-¹

416 2441 539 2502 minem
555 2440 605 2500 vel
622 2438 771 2500 homines
788 2439 937 2509 Mantus,
953 2438 1006 2498 vel

415 2557 484 2616 eius
505 2556 684 2625 districtus,
709 2557 765 2636 qui
796 2555 919 2616 habent
944 2567 1009 2617 ter·

416 2697 485 2738 ram
504 2680 537 2736 in
554 2690 661 2736 castro
685 2674 835 2745 Hostilie,
860 2675 911 2734 vel
935 2675 1006 2735 eius

414 2796 593 2867 territorio,
622 2796 671 2856 vel
707 2793 848 2865 confin0,
882 2796 933 2854 vel
969 2797 1005 2855 in

414 2915 505 2974 curia
522 2912 634 2974 Sancti
655 2910 808 2982 Romani,
825 2912 875 2972 vel
890 2911 923 2972 in
941 2927 1007 2974 ter·

417 3035 532 3094 ritorio
554 3035 620 3092 sive
643 3030 796 3101 confini0,
819 3032 859 3092 ad
886 3033 1008 3095 refuta·

416 3147 538 3208 tionem
562 3159 593 3204 et
617 3144 730 3203 datam
755 3143 951 3217 faciendam,
973 3160 1007 3208 ct

415 3268 453 3326 dc
468 3287 504 3326 ea
524 3263 660 3325 terrain
680 3263 849 3322 communi
874 3263 1007 3326 Verone

417 3378 1007 3459 recipiam(a)contracambiumsive

416 3500 676 3566 extimationem,
700 3496 841 3556 arbitrio
857 3497 1008 3572 illorum,

415 3617 472 3695 qui
496 3615 655 3674 iurabunt
681 3613 825 3673 iudicare
842 3615 929 3675 inter
947 3617 1008 3676 Ve-

417 3751 531 3793 ronam
563 3744 593 3790 ct
618 3730 790 3788 Mantuam
801 3748 808 3802 ;
838 3750 903 3809 que
925 3733 1009 3792 exti-

416 3847 519 3906 matio
553 3843 666 3902 debeat
701 3841 810 3900 reduci
845 3843 885 3903 ad
920 3845 1006 3906 illud

415 3974 553 4038 tempus,
575 3955 662 4034 quod
691 3969 834 4016 castrum
862 3956 1008 4021 Hostilio

418 4078 479 4138 fuit
496 4078 663 4154 inceptum
680 4087 709 4134 et
728 4074 931 4139 edifficntum
942 4099 951 4154 ς
975 4097 1008 4142 ct

415 4192 634 4268 illudtempus
646 4189 739 4248 debet
750 4191 864 4272 inspici
873 4209 921 4266 ;ct
936 4197 1009 4274 [adl

417 4307 603 4368 iamdictam
623 4305 872 4369 extimationem
890 4330 1008 4389 cogam

415 4443 487 4464 naim
514 4421 559 4464 vni
586 4441 637 4464 ρης
670 4421 727 4464 iuli
759 4437 795 4464 aar
818 4444 916 4464 eum-n
948 4443 998 4464 on..
