2874 4748
58 495 113 573 340
356 511 526 553 nucrzroru
550 513 609 552 rna
632 511 761 554 vnnour
783 513 803 552 ε
826 513 978 554 ururovr
1047 529 1049 534 s

46 727 86 787 ad
110 725 305 798 fatiendum,
328 725 513 788 ineundum
535 737 567 786 et
589 723 854 785 contrahendum
884 725 1082 795 societatem,
1107 725 1278 797 unionem,

44 843 356 914 confederationem,
387 855 418 903 et
446 841 691 903 fraternitatem
724 859 798 900 curn
830 839 997 901 nobilibus
1028 853 1059 902 et
1093 840 1276 921 magnificis

46 960 125 1020 viris
146 959 289 1022 dominis
311 958 499 1020 Percevallo
520 957 559 1019 de
584 955 750 1018 Mandello
772 955 812 1017 de
841 954 1030 1018 Mediolano
1053 955 1219 1019 Potestate
1241 972 1274 1021 et

48 1077 220 1140 Bottesella
238 1077 275 1137 de
294 1075 502 1146 Bonaconsis‚
525 1073 708 1156 Capitaneo
731 1073 879 1145 Mantue,
895 1086 926 1135 et
948 1093 1023 1135 cum
1047 1073 1204 1146 civitate,
1216 1072 1278 1135 Co·

45 1190 139 1252 muni
161 1173 193 1251 et
218 1188 418 1250 Hominibus
434 1187 583 1259 Mantue,
597 1206 652 1248 seu
668 1206 743 1248 cunr
765 1185 892 1248 sindico
914 1187 965 1266 yel
987 1187 1130 1258 sindicis,
1153 1189 1277 1250 nuncio

44 1320 75 1368 et
88 1305 297 1386 procuratori
314 1305 459 1385 ipsorum
477 1283 689 1364 dominorum
704 1302 889 1374 Potestatis,
905 1301 1092 1385 Capitanei,
1108 1302 1275 1375 Civitatis,

46 1421 207 1483 Comunis
229 1434 260 1481 et
292 1418 478 1480 Hominum
501 1419 650 1488 Mantue,
675 1418 760 1480 sicut
783 1417 887 1479 eidem
909 1417 1034 1480 sindico
1060 1419 1110 1479 vel
1132 1418 1274 1489 sindicis,

46 1537 168 1599 nuncio
189 1550 221 1598 et
244 1536 451 1618 procuratori
475 1536 621 1615 ipsorum
644 1535 857 1596 dominorum
875 1534 1023 1596 Rectoris
1044 1548 1076 1595 et
1099 1533 1273 1616 Capitanei

44 1655 173 1715 Verone
195 1652 361 1724 Civitatis,
384 1650 545 1713 Comuuis
567 1665 598 1712 et
623 1651 807 1713 Hominum
832 1652 970 1723 Verone,
997 1653 1032 1714 in
1065 1652 1217 1734 predictis
1238 1667 1272 1714 et

43 1770 179 1851 singulis
201 1751 232 1831 et
254 1768 389 1830 circaea
408 1769 523 1829 melius
546 1766 713 1829 videbitur
736 1769 887 1848 expedire
896 1788 903 1842 ;
968 1783 999 1831 et
1016 1768 1057 1829 ad
1081 1771 1272 1850 promitten-

44 1887 134 1958 dum,
155 1887 215 1947 sub
237 1899 324 1946 certa
349 1905 431 1966 pena
454 1885 665 1954 damnorum,
687 1904 918 1965 expenssarum
941 1899 972 1946 et
995 1885 1180 1958 refectione,
1194 1906 1269 1947 curn

43 2002 352 2064 renunciationibus
373 2001 548 2081 oportunis
571 2015 601 2061 et
623 2001 684 2061 sub
706 2000 908 2081 obligatione
938 2002 1102 2063 bonorum
1124 2002 1271 2084 ipsorum

42 2118 319 2181 constituencium
342 2133 373 2179 et
398 2116 558 2178 Comunis
581 2116 720 2188 Verone,
749 2135 785 2176 ac
809 2116 989 2178 iurandum
1014 2117 1048 2178 in
1071 2119 1199 2180 animas
1221 2139 1275 2180 eo·

44 2234 193 2295 rumdem
216 2235 328 2294 omnia
352 2247 382 2294 et
404 2232 544 2312 singula,
559 2251 621 2311 que
636 2251 732 2311 super
751 2231 904 2312 predictis
926 2246 957 2294 et
979 2233 1129 2313 quolibet
1150 2235 1274 2316 predic·

43 2363 154 2411 torum
177 2363 208 2411 et
231 2350 315 2410 circa
339 2348 483 2430 predicta
506 2362 537 2409 et
559 2349 689 2427 singula
707 2347 875 2410 hincinde
897 2348 1059 2421 dicentur,
1083 2366 1225 2431 agentur
1241 2366 1272 2413 et

43 2465 133 2536 fient,
147 2466 317 2526 attendere
332 2479 363 2525 et
381 2464 619 2528 inviolabiliter
636 2478 795 2544 perpetuo
811 2465 983 2526 observare
994 2485 1002 2540 ;
1086 2479 1118 2527 et
1135 2467 1176 2527 ad
1194 2469 1273 2530 reci-

44 2580 199 2659 piendum
214 2601 230 2640 a
245 2581 380 2661 prefatis
395 2580 537 2640 dominis
553 2579 728 2650 Potestate,
745 2579 929 2660 Capitaneo
947 2582 1095 2652 Mantue,
1114 2582 1273 2655 Ciuitate,

42 2697 186 2758 Comuni
204 2710 234 2757 et
254 2697 455 2757 Hominibus
480 2696 627 2764 Mantue,
642 2715 695 2754 seu
713 2695 755 2755 ab
770 2715 883 2756 eorum
907 2697 1033 2757 sindico
1054 2698 1105 2758 vel
1128 2697 1271 2770 sindicis,

43 2811 166 2871 nuncio
188 2825 218 2872 et
242 2825 455 2891 procuratore
471 2809 610 2870 similem
635 2810 881 2889 promissionem
898 2810 979 2870 etin
996 2810 1123 2872 animas
1145 2831 1272 2873 eorum·

41 2928 113 2988 dern
137 2928 241 2987 simile
264 2929 507 2998 iuramentum;
578 2939 608 2985 et
624 2925 819 3001 gerreraliter
837 2925 876 2985 ad
893 2926 1004 2986 omnia
1022 2939 1052 2986 et
1068 2927 1198 3007 singula
1221 2927 1270 2988 di-

41 3039 153 3111 cenda,
176 3041 310 3120 agenda,
333 3059 387 3099 scu
406 3038 552 3099 facienda
569 3051 600 3098 et
618 3037 811 3118 recipienda,
835 3057 898 3117 quc
921 3038 954 3097 in
978 3038 1131 3118 predictis
1154 3053 1185 3101 et
1208 3039 1270 3100 sin·

41 3155 126 3234 gulis
141 3171 171 3215 et
187 3157 270 3214 circa
288 3176 334 3224 ea,
351 3169 417 3215 tam
442 3154 480 3212 de
501 3152 748 3220 consuetudine,
764 3172 864 3232 quam
889 3153 926 3212 de
949 3154 1019 3214 iure
1036 3153 1160 3216 fuerint
1177 3175 1269 3236 opor·

42 3283 123 3330 tuna
146 3284 176 3330 et
201 3270 314 3342 utiliu;
417 3269 530 3329 dames
547 3284 577 3329 et
594 3269 805 3330 concedentes
827 3270 931 3330 eidem
953 3270 1078 3330 sindico
1102 3285 1133 3333 et
1155 3291 1270 3354 procu-

40 3386 144 3446 ratori
168 3386 304 3446 liberam
321 3399 357 3445 ct
380 3387 562 3464 generalem
597 3385 918 3445 administrationem
942 3400 972 3446 et
1000 3386 1140 3448 liberum
1161 3401 1194 3449 et
1217 3409 1270 3468 ge-

41 3503 150 3563 nerale
174 3503 370 3563 mandatum
394 3503 426 3561 iu
451 3502 603 3582 predictis
626 3516 655 3562 et
678 3501 814 3582 singulis
837 3517 867 3562 ct
894 3503 978 3562 circa
1001 3522 1049 3572 ea,
1072 3523 1107 3564 ac
1130 3504 1270 3584 promit·

41 3633 145 3679 tentes
168 3619 314 3698 predicto
336 3618 461 3710 sindico
477 3633 507 3679 et
527 3620 732 3698 procuratori
749 3633 779 3678 et
797 3618 897 3678 michi
916 3619 1099 3700 subscripto
1122 3623 1267 3693 notari0,

41 3734 173 3794 nominc
196 3749 226 3794 ct
247 3735 313 3794 vice
330 3734 494 3793 dictorum
518 3734 729 3793 dominorum
755 3733 938 3802 Potestatis,
961 3733 1135 3815 Capitanei
1159 3749 1191 3796 et
1211 3735 1266 3797 Ci-

41 3850 162 3918 vitatis,
185 3848 346 3908 Conuiuis
361 3863 392 3908 et
411 3847 592 3907 Hominum
619 3849 755 3908 Mantuc
772 3862 802 3908 et
820 3868 1106 3929 quorumcumque
1129 3849 1265 3912 interest

41 3966 88 4022 rel
114 3964 265 4023 interesse
288 3964 408 4044 poterit
431 3965 604 4043 stipulanti
619 3970 677 4038 (u),
698 3984 728 4023 se
752 3963 883 4024 lirnium
908 3979 938 4024 et
964 3977 1071 4025 ratum
1097 3966 1217 4028 babere
1234 3981 1267 4029 et

41 4093 150 4137 tencre
172 4094 202 4138 et
226 4079 396 4138 habituros
419 4094 448 4138 ct
473 4094 622 4138 tenturos
644 4079 802 4158 quicquid
828 4100 882 4158 per
904 4081 1029 4140 dictum
1053 4080 1216 4142 sindicurn
1234 4098 1267 4144 et

40 4209 297 4272 procuratorem,
320 4195 457 4264 dictum,
481 4210 601 4264 actum,
624 4215 677 4255 seu
705 4195 838 4264 factum,
862 4210 892 4254 et
918 4210 1081 4275 receptum
1107 4194 1207 4257 fuerit
1232 4198 1266 4259 in

39 4309 235 4388 predictiset
259 4312 405 4389 siugulis,
421 4326 451 4370 ct
469 4311 552 4370 circa
570 4332 616 4380 ea,
632 4313 691 4370 sub
714 4311 916 4390 <illigatione
938 4331 1073 4371 suorum
1099 4312 1265 4375 bonorum

41 4441 69 4454 ...ο
94 4423 251 4454 (Ur-...mh
278 4425 401 4454 mmm
