2856 4808
617 472 687 513 noc,
711 472 831 512 ravin:
859 453 927 513 1301
1330 456 1385 535 395

154 686 325 756 servanda,
347 699 378 746 et
399 705 495 768 super
519 687 568 747 his
590 706 653 767 que
676 687 715 747 ad
740 686 841 768 ipsam
865 687 1066 760 societatem,
1084 686 1329 749 fraternitatem
1352 701 1383 748 et

155 801 253 882 figam
278 802 430 881 pertinet,
452 821 516 883 que
537 803 657 883 scripta
680 816 758 863 sunt
787 817 817 863 et
847 802 1065 865 continentur
1095 805 1129 864 in
1154 803 1385 864 instrumentis

154 916 229 978 inde
253 916 354 988 lactis,
376 918 505 999 seriptis
528 938 583 1000 per
599 918 725 979 dictum
749 917 921 979 dominum
941 919 1131 981 Guidonem
1155 921 1325 980 notarium
1349 937 1385 978 ae

153 1034 252 1094 etiam
278 1053 334 1114 per
358 1033 527 1096 Delaitum
549 1034 676 1096 domini
700 1033 820 1096 Ottoni
843 1033 881 1096 de
906 1034 1085 1116 Moreginis
1107 1035 1145 1095 de
1169 1035 1284 1096 Stablo
1302 1034 1385 1095 sacri

157 1149 284 1230 pallacij
310 1151 491 1229 notarium,
549 1150 689 1213 formam
713 1151 806 1211 cuius
827 1151 1000 1224 societatis,
1025 1151 1244 1213 fraternitatis
1269 1164 1300 1212 et
1325 1152 1386 1232 lige

159 1284 212 1345 per
236 1284 286 1326 me
307 1266 525 1327 subnotatum
545 1265 713 1326 notarium
732 1265 795 1326 fuit
818 1265 939 1329 ibidem
958 1267 1037 1338 visa,
1121 1267 1388 1329 rattilicaverunt

157 1380 221 1441 iam
245 1380 323 1441 dicti
353 1381 480 1442 domini
510 1381 665 1454 Potestas,
696 1381 908 1463 Capitoneus,
939 1384 1094 1454 Anciani,
1121 1383 1329 1464 Conseiliarij
1354 1397 1386 1445 et

159 1493 316 1557 Homines
330 1497 429 1577 ipsius
451 1498 606 1578 Conscilij
625 1497 782 1559 Civitatis
798 1499 935 1560 Mantue
958 1500 1027 1560 vice
1043 1513 1074 1560 et
1091 1500 1224 1561 nomine
1240 1498 1386 1580 ipsorum

155 1625 185 1672 et
208 1612 287 1673 dicti
310 1612 472 1674 Comunis
493 1629 524 1675 et
550 1615 783 1676 Universitatis
801 1615 948 1686 Mantue,
964 1630 995 1676 et
1012 1616 1293 1696 approbaverunt,
1309 1635 1385 1676 con-

155 1726 373 1789 firmaverunt
396 1743 427 1790 et
450 1730 722 1809 emologaverunt
744 1751 781 1790 ex
805 1743 892 1790 certa
917 1729 1051 1791 seientia
1076 1745 1107 1791 et
1132 1750 1197 1790 non
1224 1751 1278 1810 per
1297 1751 1385 1793 erro-

157 1864 223 1905 rem
245 1860 278 1906 et
300 1844 395 1906 firma
418 1860 448 1907 et
472 1861 542 1907 rata
574 1867 636 1907 esse
665 1847 855 1917 voluerunt,
878 1867 943 1908 non
976 1847 1128 1908 obstante
1150 1848 1174 1908 si
1199 1848 1268 1910 eius
1293 1869 1384 1910 man-

154 1959 271 2021 datum
295 1962 335 2022 ad
358 1968 407 2035 (a)
431 1961 488 2023 hee
510 1963 621 2023 omnia
644 1983 675 2023 se
698 1963 843 2044 plenarie
866 1982 932 2024 non
955 1963 1124 2033 extendat,
1141 1965 1241 2044 ipsius
1264 1966 1387 2025 instru-

158 2077 257 2137 menti
282 2077 454 2148 societatis,
478 2078 697 2139 fraternitatis
712 2091 742 2140 et
760 2079 821 2158 lige
840 2080 978 2140 formam
1003 2094 1034 2140 et
1057 2081 1170 2141 omnia
1193 2095 1224 2141 et
1245 2081 1387 2161 singula,

155 2214 218 2274 que
240 2196 456 2257 continentur
478 2196 512 2256 in
535 2216 582 2267 eo,
610 2216 645 2256 ac
674 2197 699 2256 si
723 2196 807 2256 idem
838 2196 981 2256 sindicus
1003 2217 1038 2257 ea
1061 2198 1173 2257 omnia
1201 2211 1233 2258 et
1255 2198 1386 2277 singula

160 2307 280 2370 fecisset
304 2322 334 2369 et
358 2311 398 2368 ab
421 2310 465 2370 eis
488 2309 652 2373 habuisset
676 2310 716 2370 ad
739 2331 774 2371 ea
797 2309 908 2369 omnia
926 2330 1121 2390 expressam,
1145 2311 1275 2391 plenam
1300 2300 1330 2371 e't
1350 2313 1387 2371 li-

157 2426 266 2485 beram
291 2438 485 2506 potestatem
508 2439 539 2486 et
561 2426 698 2506 speciale
721 2426 929 2496 mandatum,
952 2440 983 2486 et
1006 2447 1041 2487 ea
1066 2426 1178 2486 omnia
1202 2439 1233 2487 et
1255 2427 1384 2506 singula

155 2540 193 2600 de
210 2561 296 2600 noro
314 2541 471 2612 lecerunt,
489 2544 728 2621 promittentes,
747 2542 878 2602 nomine
894 2542 1094 2622 supradicto,
1107 2541 1236 2622 prefato
1248 2542 1386 2603 domino

158 2659 310 2720 Rolando
331 2659 508 2719 sindicario
530 2674 560 2719 et
585 2660 813 2737 procuratorio
834 2660 967 2719 nomine
987 2659 1132 2739 predicto
1156 2679 1191 2718 ac
1215 2658 1316 2719 michi
1333 2679 1387 2719 no·

156 2776 242 2835 tario
264 2776 457 2856 subscripto,
480 2790 641 2857 tanquam
666 2797 800 2857 persone
823 2777 952 2856 publice
974 2775 1161 2856 stipulanti,
1185 2776 1254 2835 vice
1274 2790 1304 2837 et
1329 2796 1386 2836 no-

158 2893 243 2952 mine
266 2892 430 2952 dictorum
455 2892 668 2952 dominorum
694 2891 880 2962 Potestatis,
914 2893 1156 2961 Antianorum,
1188 2892 1387 2962 Consulum,

157 3006 327 3076 Comanis,
349 3025 380 3068 et
404 3007 522 3089 Populi
545 3009 688 3089 predicte
705 3009 860 3069 Civitatis
884 3008 1032 3068 Bononie
1051 3023 1081 3068 et
1097 3008 1248 3069 omnium
1272 3022 1303 3069 et
1325 3009 1386 3068 sin·

155 3124 320 3202 gulorum,
334 3143 474 3203 quorum
500 3123 634 3186 interest
653 3125 700 3185 rel
718 3127 869 3184 interesse
886 3124 1018 3203 poterit,
1040 3124 1101 3183 sub
1124 3143 1206 3204 pena
1223 3144 1278 3183 seu
1296 3126 1386 3203 penis

155 3239 189 3298 in
213 3240 281 3320 ipso
304 3239 527 3300 instrumento
549 3241 721 3310 societatis,
753 3239 971 3300 fraternitatis
1001 3253 1031 3300 et
1056 3239 1118 3318 lige
1141 3239 1317 3308 contentis,
1337 3253 1386 3298 to·

156 3357 240 3417 tiens
272 3357 492 3437 persolvendis
524 3356 675 3435 quotiens
711 3356 808 3416 fuerit
845 3355 1112 3425 contrafactum,
1146 3353 1384 3414 nichilominus

157 3475 224 3554 ipso
247 3474 293 3547 (b)
316 3474 539 3533 instrumento
561 3474 595 3533 in
618 3494 676 3534 sua
701 3475 826 3532 roboris
849 3472 1007 3532 firmitate
1025 3484 1190 3542 manente,
1207 3485 1238 3530 et
1261 3471 1385 3551 obliga·

156 3589 244 3650 tione
267 3590 418 3650 omnium
441 3604 472 3649 et
495 3591 703 3669 singulorum
731 3590 891 3649 bonorum
916 3607 1051 3648 suorum
1068 3603 1099 3648 et
1123 3587 1202 3646 dicti
1222 3585 1384 3646 Comanis

153 3719 185 3766 et
209 3705 443 3765 Universitatis
468 3705 604 3764 blantue
621 3725 679 3784 pro
695 3705 832 3783 singulis
854 3705 1007 3786 capitulis
1022 3705 1054 3763 in
1073 3724 1110 3763 eo
1133 3704 1298 3763 ctmtentis
1315 3724 1383 3782 pro-

156 3819 249 3880 missa
270 3834 299 3881 et
322 3820 491 3897 stipulata,
515 3816 609 3879 firma
633 3834 663 3878 et
688 3833 759 3880 rata
785 3820 902 3880 babere
926 3835 1025 3899 atque
1049 3833 1169 3887 tenere,
1203 3819 1383 3887 attendere,

153 3938 333 4017 adimplere
357 3951 387 3997 et
411 3937 647 3996 inviolabiliter
680 3939 863 4008 observare,
886 3957 920 3996 ac
944 3938 1043 3997 etiam
1068 3937 1220 3996 in‘nullo
1255 3956 1309 4014 per
1342 3956 1383 4004 se,

157 4053 204 4116 rel
230 4054 344 4122 alium,
368 4053 415 4112 vel
441 4053 520 4112 alios
544 4053 767 4114 contrafacere
792 4054 840 4114 vel
867 4054 993 4127 venne,
1012 4055 1072 4112 sub
1096 4073 1177 4132 pena
1201 4053 1308 4112 soluta
1334 4053 1383 4112 rel

154 4190 232 4242 non,
255 4170 398 4252 predicta
423 4171 534 4230 omnia
552 4184 582 4229 et
598 4169 727 4248 singula
745 4184 776 4229 et
795 4189 1000 4249 quecumque
1019 4169 1051 4228 in
1070 4169 1137 4247 ipso
1157 4169 1383 4228 instrumento

151 4288 325 4356 societatis,
360 4287 578 4346 fraternitatis
608 4301 638 4346 et
662 4287 724 4366 lige
754 4286 970 4346 continentur
993 4300 1024 4344 et
1053 4286 1173 4364 scripta
1198 4299 1286 4354 sunt,
1311 4298 1382 4344 rata

151 4423 276 4484 semper
301 4417 456 4464 nmneaot
480 4418 578 4482 atque
603 4402 708 4462 firma.

204 4649 240 4703 (a)
253 4651 272 4689 A
287 4661 308 4689 et
388 4651 420 4704 (d)
435 4653 454 4691 A
469 4653 490 4690 in
506 4652 553 4703 ipso
