2858 4792
405 537 576 578 nutaztoul
600 538 660 578 Fun
683 538 812 579 VERONA
836 539 855 578 Ε
880 537 1032 579 Mentora

181 750 290 830 [Xlll]
316 751 407 822 Item,
423 751 511 833 quod
535 752 700 833 predictus
721 751 876 813 dominus
897 752 1064 834 episcopus
1081 728 1143 832 per
1159 751 1330 814 dominum

102 886 221 949 papam
244 883 481 950 promoveatur
501 870 535 930 in
552 869 834 952 archiepiscopum
854 869 1043 940 Mediolani,
1066 869 1124 930 illo
1136 885 1258 942 amoto,
1274 872 1331 950 qui

78 1005 190 1049 ,nunc
212 1000 257 1049 est
281 987 563 1068 Archiepiscopus,
590 1002 621 1049 et
644 988 799 1050 dominus
822 988 910 1069 Papa
938 1008 993 1070 per
1016 989 1127 1049 literas
1149 1008 1224 1049 suas
1246 1008 1335 1050 com-

101 1098 211 1161 mittet
233 1100 291 1178 (a),
313 1098 450 1160 domino
465 1098 633 1160 Patriarce
656 1100 867 1180 aquilegensi,
887 1113 924 1160 ut
945 1099 1126 1179 provideat,
1148 1114 1185 1161 ut
1205 1099 1331 1160 dictum

99 1228 157 1285 est,
180 1214 319 1275 Ecclesie
342 1215 520 1276 Mediolani
544 1215 583 1276 de
605 1232 745 1296 pastore,
768 1215 936 1297 presertim
961 1217 994 1276 in
1015 1234 1151 1295 persona
1174 1215 1253 1277 dicti
1277 1217 1334 1276 do·

99 1331 183 1391 mini
204 1330 345 1411 episcopi
368 1330 524 1401 Cumani,
546 1332 612 1392 alio
634 1331 888 1412 Archiepiscopo
911 1344 1031 1393 amoto.

181 1446 289 1526 [XlV]
315 1447 407 1517 ltem,
431 1461 468 1508 ut
490 1448 633 1508 Ecclesia
658 1448 809 1509 Romana
833 1447 887 1508 det
909 1461 940 1508 et
957 1461 1067 1509 teneat
1083 1447 1226 1508 dominis
1247 1447 1286 1508 de
1302 1448 1332 1507 la

102 1561 212 1623 Turre
232 1581 285 1623 seu
310 1562 457 1643 predicto
479 1564 614 1625 domino
636 1563 870 1624 constituendo
893 1563 928 1624 in
951 1564 1095 1643 legatum
1117 1561 1254 1625 ’CCC·
1277 1564 1335 1623 mi·

104 1678 175 1738 lites
198 1698 253 1758 per
277 1692 340 1739 tres
363 1699 478 1751 annm,
501 1679 541 1740 ad
564 1679 728 1760 stipendia
751 1680 902 1741 Ecclesie.

179 1795 272 1874 [XV]
298 1795 391 1866 Item,
415 1809 450 1856 ut
474 1796 616 1857 Ecclesia
641 1796 793 1856 Romana
816 1794 869 1855 det
893 1795 1047 1875 predictis
1076 1794 1219 1855 dominis
1241 1795 1278 1856 de
1302 1796 1332 1855 la

102 1909 222 1984 Turre,
243 1931 298 1971 seu
322 1911 410 1973 dicto
443 1911 579 1973 domino
609 1911 842 1973 constituendo
871 1913 903 1972 iu
929 1912 1073 1992 legatum
1096 1913 1181 1972 ·M·
1207 1931 1334 1972 marcas

102 2028 239 2106 argenti.
265 2029 309 2089 Et
332 2028 390 2089 hee
413 2028 479 2088 duo
501 2029 647 2110 capitula
671 2028 786 2089 dicunt
816 2028 854 2089 de
885 2027 1048 2089 militibus
1069 2044 1100 2088 et
1127 2043 1263 2108 argento
1286 2029 1334 2108 ip·

101 2144 166 2203 suis
189 2144 315 2205 domini
337 2145 384 2224 (b)
405 2163 464 2224 pro
485 2145 691 2224 guerriandis
713 2158 744 2205 et
767 2144 991 2225 opprimendis
1015 2144 1163 2204 hostibus
1187 2145 1337 2205 Ecclesie

97 2274 129 2321 et
153 2280 212 2340 pro
234 2261 346 2320 amicis
368 2261 588 2340 adquirendis.

106 2410 108 2413 ·
180 2379 288 2458 [xvi]
313 2379 404 2448 ltem,
428 2394 464 2439 ut
487 2379 524 2439 de
547 2379 728 2439 redditibus
742 2393 773 2439 et
791 2378 1006 2459 proventibus
1029 2382 1187 2460 perceptis
1212 2394 1242 2440 et
1261 2398 1330 2459 per-

98 2494 256 2575 cipiendis
278 2511 308 2556 et
331 2495 454 2575 guastis
476 2509 507 2555 et
530 2495 648 2554 damris
671 2495 771 2555 illatis
787 2510 818 2556 et
835 2494 1022 2564 inferendis,
1045 2494 1146 2556 donec
1173 2494 1246 2554 finis
1266 2495 1326 2554 bec

100 2612 164 2683 liet,
187 2617 225 2673 de
250 2613 342 2672 bonis
364 2626 394 2672 et
418 2612 513 2672 rebus
535 2611 834 2692 archiepiscopatus
858 2611 1037 2672 Mediolani
1059 2631 1115 2692 per
1138 2612 1210 2672 illos
1232 2611 1270 2671 de
1294 2613 1323 2671 la

98 2727 216 2798 Turre,
228 2748 282 2789 seu
296 2749 352 2808 per
374 2726 561 2787 Commune
576 2742 606 2787 et
625 2728 790 2807 Populum
814 2726 1004 2796 Mediolani,
1018 2746 1072 2785 seu
1090 2745 1145 2806 per
1161 2727 1241 2786 alios
1258 2727 1327 2787 vice

99 2865 225 2915 eorum,
247 2844 302 2905 liat
318 2845 385 2904 sibi
411 2844 554 2904 remissio
579 2860 609 2904 et
633 2843 716 2915 linis,
740 2843 785 2903 ita
801 2843 889 2922 quod
913 2862 979 2903 nou
1004 2844 1126 2922 possint
1151 2844 1331 2923 inquietari

100 2963 238 3022 ulterius
262 2983 316 3043 per
339 2963 512 3022 domiuum
538 2962 673 3043 Papam,
695 2977 725 3022 et
750 2961 943 3021 Cardinales
963 2974 993 3021 et
1012 2961 1199 3021 Romanam
1224 2962 1333 3022 Eccle-

97 3080 190 3148 siam,
215 3080 264 3140 vel
289 3081 434 3158 aliquam
456 3081 555 3139 aliam
572 3079 819 3140 ecclesiasticam
835 3079 1079 3157 secularemque
1097 3097 1277 3157 personam,
1300 3092 1331 3138 et

98 3196 191 3256 litere
208 3195 429 3276 impetrentur
446 3218 463 3255 a
480 3197 615 3256 domino
639 3197 727 3276 Papa
754 3214 850 3276 super
866 3195 926 3254 hot
949 3194 987 3253 ad
1015 3195 1256 3275 beneplacitum
1277 3197 1332 3255 do-

98 3312 227 3371 minum
252 3312 289 3371 de
313 3313 342 3371 la
368 3313 486 3371 Turre.

177 3428 253 3505 [XV
260 3428 303 3505 ll]
328 3427 419 3499 ltem,
435 3429 522 3507 quod
538 3429 576 3488 ad
594 3429 738 3489 officium
761 3430 1008 3509 prelaturarum
1037 3444 1067 3490 et
1096 3430 1137 3489 ad
1159 3429 1332 3508 quodlibet

95 3546 348 3606 ecclesiasticum
367 3547 559 3606 beneficium
585 3548 805 3607 restituantur
822 3547 871 3606 illi
887 3549 925 3607 de
942 3548 971 3607 la
990 3547 1099 3606 Turre
1115 3562 1145 3606 et
1166 3547 1216 3606 sui
1233 3547 1330 3606 altrici

98 3681 153 3742 per
171 3661 344 3722 dominum
370 3662 495 3740 Papam
518 3676 549 3722 et
575 3663 761 3722 Romanam
786 3662 975 3732 Ecclesiam,
999 3664 1055 3743 qui
1076 3663 1190 3722 cassati
1214 3677 1292 3722 sunt
1313 3684 1329 3721 a

99 3790 204 3835 morte
228 3778 281 3849 Ee.
305 3782 349 3848 (c)
372 3775 410 3834 de
436 3776 587 3835 llomano
610 3776 703 3845 citra,
724 3791 754 3835 et
778 3776 923 3855 predicta
944 3776 1055 3835 omnia
1076 3791 1106 3837 et
1129 3777 1257 3855 singula
1282 3775 1334 3834 lir-

99 3906 231 3950 mentur
250 3892 491 3971 inperpetuum
517 3892 722 3952 observanda
747 3892 785 3952 de
808 3892 877 3951 iure
898 3906 927 3951 et
951 3892 988 3952 de
1017 3892 1112 3961 lacto,
1140 3892 1334 3952 solennibus

98 4006 366 4085 promissionilbu
378 4012 398 4083 ls
414 4021 443 4065 ct
465 4006 659 4065 iuramentis
675 4006 817 4086 prestitis
834 4028 849 4065 a
867 4007 962 4066 dictis
978 4007 1195 4067 Coniurribus.
1290 4007 1333 4066 Et

98 4124 154 4184 bec
179 4127 288 4182 onuria
314 4124 395 4183 liant
419 4143 492 4183 cunr
519 4125 635 4183 maiori
659 4125 857 4184 solennitate
882 4140 1081 4194 contractus,
1108 4139 1137 4184 et
1165 4126 1224 4184 sub
1248 4145 1331 4205 pena

99 4241 357 4319 quingentarum
384 4241 514 4299 milium
530 4240 742 4301 triarcliarum
767 4240 906 4319 argenti,
925 4256 984 4300 etc.
1069 4242 1143 4312 Que
1165 4257 1333 4312 secuntur,

98 4371 128 4417 et
152 4356 295 4437 predicta
331 4356 441 4414 omnia
477 4356 710 4434 intelligantur
733 4357 847 4416 debere
871 4358 1027 4435 compleri
1060 4373 1089 4416 et
1122 4357 1189 4416 lieri
1218 4357 1331 4417 statim

97 4477 232 4522 mirandis
256 4475 443 4522 ‹hinniunt›
466 4490 496 4522 et
523 4474 667 4522 Ptinrrltrs
694 4475 869 4522 Mediolani
901 4490 929 4522 et
955 4475 1079 4522 damini
1105 4475 1142 4522 di·
1171 4476 1195 4522 ln
1223 4475 1333 4522 Tum
