2858 4792
517 475 607 517 uoce.
630 475 717 516 xxxv
739 475 758 516 u
782 473 900 515 xxxvi:
928 454 1001 533 ¹259
1332 473 1367 533 91

127 687 235 750 dictis
258 701 291 750 et
312 687 398 749 circa
421 685 577 768 predicta,
607 705 671 767 que
693 685 870 747 necessaria
895 684 1020 746 fuerint
1042 697 1073 746 et
1101 683 1214 757 utilia;
1238 685 1374 764 promit·

127 817 245 866 tentes
265 802 361 866 dictis
389 801 525 864 sindicis
552 815 584 863 et
613 801 885 883 procuratoribus
914 813 945 862 et
976 799 1078 862 eciam
1110 797 1211 859 michi
1240 797 1372 858 notario

128 920 351 1002 infrascripto
383 919 617 1000 recipientibus
652 917 787 980 nomine
819 931 851 980 et
883 917 953 979 vice
986 916 1210 998 predictorum
1240 914 1375 995 Populi,

128 1036 338 1099 Communis
357 1047 389 1095 et
414 1033 601 1096 Hominum
623 1034 662 1096 de
685 1033 816 1096 Verona
837 1053 869 1095 se
891 1031 1026 1095 firmum
1038 1045 1069 1093 et
1083 1045 1195 1092 ratum
1210 1043 1371 1111 perpetuo

129 1152 259 1214 habere
279 1164 313 1212 et
334 1164 445 1212 tenere
473 1163 506 1212 et
536 1169 603 1213 non
632 1151 864 1214 contravenire
890 1148 1049 1230 quicquid
1079 1147 1138 1229 ipsi
1168 1145 1314 1207 dixerint

131 1267 276 1329 fecerint
299 1265 333 1328 in
355 1265 509 1346 predictis
530 1277 561 1328 et
584 1268 669 1328 circa
692 1267 852 1348 predicta.

216 1386 340 1442 Actum
353 1395 398 1442 est
413 1380 473 1443 hoc
488 1395 623 1444 corente
646 1401 653 1416 ·
670 1382 704 1443 M
723 1403 730 1418 ·
747 1380 827 1445 CC·
845 1382 973 1444 LViilJ
989 1403 1014 1455 ·,
1038 1380 1202 1443 inditione
1213 1398 1239 1440 se

682 1676 837 1738 XXXVI.

208 1883 313 1939 Fourr.
334 1915 366 1924 -
386 1884 423 1940 A.
462 1883 559 1955 Copia
578 1883 630 1939 nel
647 1883 708 1939 vol.
732 1887 745 1914 ‘¹
758 1883 840 1939 Priv.
861 1883 945 1939 Com.
967 1881 1062 1937 Mant.
1076 1923 1102 1950 „
1122 1882 1140 1936 s.
1159 1898 1225 1952 27r
1244 1912 1271 1922 -

130 1991 163 2045 di
186 1989 290 2061 prima
308 2007 409 2046 mano.
429 1989 509 2046 Dell'
520 2007 625 2046 esame
644 1990 696 2045 del
715 2007 770 2046 ms.
790 1991 821 2045 di
836 1997 946 2061 questo
960 1990 1147 2044 documento
1166 2005 1244 2043 sono
1263 1995 1291 2043 te

127 2097 197 2152 alla
217 2097 352 2152 cortesia
371 2096 423 2151 del
443 2096 525 2152 Prof.
553 2097 626 2152 Pier
646 2097 789 2155 Liberale
816 2095 993 2164 Rambaldi,
1020 2097 1077 2151 che
1105 2096 1310 2166 gentilmente

131 2221 173 2259 ne
198 2205 347 2258 incarico.

208 2399 235 2456 11
255 2401 442 2457 documento
463 2401 495 2457 su
515 2400 696 2473 pubblicato
711 2402 751 2457 da
763 2402 795 2458 C.
809 2402 945 2472 D’Aaco,
964 2403 1072 2466 Studii,
1089 2402 1110 2470 I,
1133 2419 1224 2474 177-9,
1243 2401 1266 2456 il

127 2508 273 2563 secondo
293 2507 316 2562 il
334 2517 491 2578 consueto,
510 2509 536 2565 si
557 2509 648 2581 giovb
677 2510 708 2564 di
729 2527 791 2565 una
809 2511 900 2581 copia
918 2510 969 2566 del
989 2511 1064 2566 Visi.
1093 2510 1211 2579 Questa
1229 2527 1269 2564 no

127 2622 243 2683 esatta,
263 2614 320 2670 che
341 2616 409 2671 anzi
440 2616 490 2673 nel
520 2625 601 2672 testo
622 2617 674 2672 dei
694 2617 782 2687 patti,
802 2615 825 2671 il
844 2617 911 2672 Visi
940 2634 1038 2672 aveva
1067 2617 1220 2672 cambiato
1250 2635 1255 2680 i

127 2719 219 2775 volte
241 2737 302 2775 una
321 2721 462 2792 formula,
481 2742 498 2778 e
519 2723 647 2779 l’aveva
674 2723 832 2778 sostituita
857 2741 916 2778 con
944 2723 1054 2779 alcune
1077 2723 1151 2778 frasi
1179 2723 1227 2794 spi

460 2916 580 2991 1259,
604 2919 783 2979 novembre
808 2919 860 2992 3o;
886 2919 1055 2981 Mantora.

225 3105 300 3172 Alto
325 3105 358 3171 di
375 3119 450 3194 pace
468 3105 525 3193 sru
550 3107 738 3172 Manto-uae
778 3112 903 3175 Verona.
936 3109 956 3174 I
972 3112 1055 3196 palli
1077 3131 1150 3176 sono
1172 3134 1207 3196 qu

116 3235 214 3322 presi
236 3231 284 3296 nel
306 3231 425 3319 riferitu
449 3232 618 3297 docmnmto
649 3256 784 3298 rurourse
810 3233 858 3298 uel
881 3239 922 3300 28
946 3234 1099 3299 novembre
1128 3233 1177 3322 (n.

215 3461 297 3522 ltem
322 3461 361 3522 de
385 3461 517 3564 Verona
541 3469 553 3537 (
579 3469 602 3536 ).

213 3647 252 3710 in
275 3647 404 3710 Christi
429 3648 571 3709 nomine.
670 3646 729 3708 Die
752 3647 918 3708 dominico
948 3649 1067 3710 ultimo
1096 3670 1151 3709 me

42 3769 49 3782 ’
123 3764 209 3827 bris.
293 3762 503 3825 Presentibus
525 3763 667 3824 dominis
691 3761 852 3844 Adegerio
874 3764 913 3824 de
936 3764 1021 3824 Font

119 3881 287 3951 Canossa,
311 3878 467 3942 Guielmo
491 3879 666 3960 Tangono,
698 3878 929 3940 Bertholamco
951 3881 989 3940 de
1012 3881 1023 3939 i

116 3999 237 4059 iameo
267 3994 305 4056 de
331 3995 526 4076 Gaymario,
561 3997 700 4074 Agneilo
734 3996 772 4055 de
808 3997 1015 4057 Bucumuiori

118 4111 306 4174 Delosalvo
321 4112 490 4173 iudicibus
500 4132 507 4187 ;
533 4111 710 4193 Ruyrrnirio
725 4114 763 4173 de
781 4114 876 4193 Ripa,
894 4114 985 4174 Nicol

114 4229 235 4298 Glire,
260 4225 458 4289 Pinamonte
482 4230 521 4289 de
552 4229 750 4299 ssonucolsis,
785 4230 917 4312 Camino
943 4229 990 4288 Bu

116 4341 245 4412 mensi,
259 4339 403 4403 Henrico
417 4343 454 4404 de
469 4344 623 4405 Baiurdis
643 4345 758 4414 iudice,
772 4345 921 4404 Antonio
935 4345 972 4404 tiC
990 4373 991 4382 κ

115 4458 287 4529 BerardO,
311 4458 465 4522 Guidone
488 4461 525 4521 de
548 4461 645 4541 Ripa,
668 4463 848 4543 Currebono
873 4461 991 4537 Picoris

180 4647 221 4700 (a)
239 4645 264 4685 In
280 4647 378 4688 rubrica.
