2874 4748
614 426 682 468 noc.
706 427 798 465 nxrv:
827 425 900 486 ¹299
1323 403 1380 483 317

148 643 221 704 sisse
242 655 274 703 et
297 641 480 722 plurimum
504 641 680 704 detestatos
703 642 798 703 fuisse
821 641 989 702 turbinem
1010 654 1042 701 et
1055 640 1238 708 horrorem,
1254 641 1312 718 qui
1331 658 1381 699 or-

150 772 202 819 tus
225 756 358 817 videtur
380 757 467 817 inter
490 758 574 837 ipsos
597 755 757 817 Dominos
772 756 810 816 de
829 756 859 816 la
884 754 977 816 Scala
994 767 1025 814 et
1048 753 1223 814 dominum
1248 752 1383 832 Capita-

150 892 249 934 neum
283 872 421 933 Mantue
442 886 474 933 et
495 872 565 933 eius
590 870 725 934 fratrem
759 871 933 933 dominum
968 869 1150 951 Taginum‚
1183 868 1241 948 qui
1275 888 1381 929 unum

147 1009 266 1070 corpus
286 1002 319 1051 et
339 1008 404 1050 una
427 988 540 1049 anima
561 1007 624 1049 esse
647 988 802 1049 deberent
818 1001 849 1048 et
867 986 952 1048 idem
976 986 1058 1047 velle
1080 998 1111 1046 et
1134 985 1220 1047 idem
1245 985 1331 1045 nolle
1349 986 1381 1044 in

147 1124 280 1166 omnem
304 1119 460 1166 eventum
483 1104 603 1166 habere
625 1104 782 1164 deberent
811 1117 843 1164 et
869 1123 933 1164 sese
959 1115 1078 1163 mutuo
1100 1101 1259 1162 adiuvare
1281 1114 1312 1160 et
1337 1101 1383 1161 lo-

150 1240 234 1282 vere.
318 1219 444 1282 Contra
468 1239 549 1300 quos
570 1220 614 1281 sic
638 1219 817 1299 loquentes,
843 1218 1000 1280 dominus
1021 1218 1180 1279 Albertus
1213 1216 1381 1298 respondit

147 1360 179 1400 se
202 1358 332 1401 causam
357 1336 547 1397 huiusmodi
564 1336 710 1397 horroris
726 1349 757 1396 et
774 1335 918 1396 turbinis
941 1337 1093 1415 ignorare
1109 1348 1141 1395 et
1159 1336 1252 1395 abeo
1271 1347 1380 1395 ortam

149 1474 217 1516 non
239 1474 302 1515 esse
323 1468 354 1515 et
378 1473 433 1534 per
449 1473 524 1516 eum
542 1472 608 1514 non
631 1465 718 1513 stare
732 1451 922 1533 quominus,
936 1453 963 1511 si
978 1450 1057 1531 quid
1081 1451 1191 1510 minus
1214 1451 1306 1522 bene,
1323 1450 1382 1510 mi-

149 1591 212 1632 nus
232 1583 337 1641 caute,
354 1571 403 1632 vel
421 1570 567 1652 provide,
590 1571 677 1630 inter
693 1587 746 1629 eos
761 1567 927 1638 acciderit,
949 1566 1000 1627 vel
1019 1565 1146 1646 aliquid
1165 1566 1379 1626 inhonestum

148 1709 188 1748 ex
211 1688 312 1749 latere
325 1706 385 1748 suo
399 1701 510 1748 actum
526 1685 674 1748 extiterit
692 1685 725 1745 in
742 1685 860 1747 melius
882 1683 1090 1752 reformetur,
1104 1697 1136 1743 et
1154 1681 1242 1762 quod
1258 1681 1283 1741 si
1300 1681 1380 1761 quid

149 1803 359 1865 commissum
380 1815 425 1863 est
450 1802 500 1862 vel
523 1821 699 1871 excessum,
723 1819 789 1861 non
812 1799 930 1859 accidit
946 1819 983 1858 ex
1001 1796 1179 1879 proposit0,
1201 1811 1248 1858 set
1272 1797 1382 1877 potius

149 1921 353 1998 ignoranter.
435 1917 600 1990 Quocirca
624 1916 847 1997 predictorum
871 1917 1056 1976 amicorum
1082 1912 1232 1974 suasione
1255 1913 1380 1992 placuit

148 2035 239 2095 dicto
260 2035 396 2095 domino
419 2033 457 2094 de
479 2034 509 2094 la
534 2034 639 2104 Scala,
653 2033 741 2113 quod
761 2031 898 2113 predicti
915 2030 1068 2091 dominus
1090 2029 1247 2091 Nicolaus
1261 2044 1292 2090 et
1319 2030 1384 2091 Ge·

150 2151 267 2211 rardus
280 2150 431 2212 venirent
448 2149 622 2210 Mantuam
641 2149 680 2209 ad
698 2147 859 2229 predictos
875 2147 1025 2207 dominos
1048 2145 1270 2226 Capitaneum
1289 2145 1382 2206 Man·

149 2281 205 2327 tue
227 2281 259 2328 et
282 2266 350 2327 eius
367 2266 513 2336 fratrem,
528 2265 643 2326 scituri
659 2265 738 2346 quid
755 2279 811 2336 est,
827 2263 915 2345 quod
935 2282 987 2324 eos
1010 2263 1207 2331 turbaverit,
1229 2263 1278 2322 vel
1298 2262 1377 2342 quid

149 2383 261 2443 dicant
281 2402 336 2463 per
352 2383 459 2462 ipsum
476 2382 650 2442 dominum
667 2382 844 2442 Albertum
860 2401 924 2444 esse
940 2395 1057 2442 contra
1074 2380 1158 2461 ipsos
1176 2381 1362 2439 commissos
1372 2399 1379 2454 ;

148 2497 208 2577 qui
230 2497 295 2578 ipse
317 2497 471 2558 dominus
498 2497 655 2557 Albe1·tus
677 2513 813 2578 paratus
834 2512 880 2558 est
903 2496 1065 2578 quidlibet
1096 2496 1309 2557 inhonestum
1333 2517 1379 2558 re-

150 2628 293 2675 tractare
315 2628 346 2675 et
369 2615 531 2694 corrigere
556 2613 778 2675 malefactum.
882 2616 923 2675 Et
947 2613 1192 2694 requisiverunt
1215 2620 1265 2686 (a)
1292 2614 1381 2692 quod

149 2731 304 2792 dominus
326 2730 530 2812 Capitaneus
552 2746 630 2791 esset
653 2750 727 2791 cum
745 2731 834 2791 dicto
851 2730 994 2792 Domino
1016 2731 1055 2790 de
1078 2731 1107 2791 la
1133 2731 1224 2791 Scala
1243 2750 1303 2811 pro
1321 2731 1384 2790 eol-

150 2847 263 2926 loquio
285 2866 381 2928 super
403 2847 556 2927 predictis
581 2847 613 2907 in
637 2847 750 2926 aliquo
773 2861 862 2907 certo
885 2848 964 2907 loco.

232 2961 395 3034 Quocirca
413 2962 519 3022 dictus
532 2962 687 3023 dominus
703 2963 915 3043 Capitaneus,
935 2963 1077 3024 narratis
1091 2963 1247 3024 multiset
1267 2963 1382 3024 multis

149 3077 459 3138 exacerbationibus
481 3091 511 3138 et
535 3078 679 3157 indignis
707 3080 833 3138 actibus
855 3079 933 3138 dicti
957 3079 1083 3139 domini
1112 3079 1241 3140 Alberti
1264 3093 1382 3140 contra

150 3193 257 3274 ipsum
280 3194 454 3255 dominum
478 3194 712 3274 Capitaneum,
743 3195 811 3254 eius
842 3195 976 3255 l'ratrem
1007 3209 1037 3256 et
1062 3194 1213 3256 Comune
1244 3195 1383 3257 Mantue

150 3307 283 3379 habitis,
305 3309 449 3388 perstitit
473 3310 624 3389 precipue
647 3309 681 3369 in
706 3310 755 3368 lris
778 3310 894 3379 tribus,
921 3311 1071 3371 videlicet
1084 3332 1092 3384 ;
1115 3312 1202 3391 quod
1227 3312 1382 3373 dominus

152 3425 264 3485 Abbas
278 3426 383 3486 sancti
402 3426 552 3498 Zenonis
572 3425 658 3486 lilius
670 3427 750 3487 dieti
763 3426 891 3486 domini
909 3427 1047 3497 Alberti,
1064 3428 1190 3488 dictum
1207 3429 1382 3490 dominum

151 3539 377 3619 Capitaneum
404 3541 627 3602 Mantuanum
644 3555 675 3600 et
693 3540 841 3602 homines
863 3542 902 3602 de
924 3542 992 3602 eius
1008 3544 1106 3602 domo
1129 3564 1184 3624 per
1203 3545 1284 3604 duas
1302 3548 1386 3604 vices

151 3655 193 3714 ab
218 3675 285 3716 uno
308 3676 396 3717 anno
419 3657 499 3717 citra
525 3657 726 3738 inquietavit
749 3675 779 3719 et
803 3661 976 3719 molestare
1003 3661 1183 3721 attentavit
1206 3663 1244 3722 de
1268 3676 1386 3722 tenuta

151 3786 184 3833 et
198 3774 391 3853 possessione
405 3788 569 3836 terrarum
584 3775 766 3856 Pampurii‚
789 3778 891 3836 curtis
905 3775 1089 3854 Castellarij
1104 3785 1160 3853 (ι),
1188 3799 1268 3858 quas
1285 3794 1387 3840 terras

154 3887 309 3949 dominus
329 3889 507 3951 l'inamons
530 3891 608 3950 olim
632 3893 699 3952 eius
724 3907 814 3973 pater·
833 3907 863 3953 et
881 3893 937 3952 lilii
960 3895 1134 3955 successive
1158 3896 1258 3956 libere
1280 3911 1311 3958 et
1333 3917 1387 3977 pa·

206 4119 241 4172 (a)
256 4122 274 4159 Α
293 4103 399 4173 requisi?

227 4425 264 4489 (1)
285 4423 308 4476 ll
330 4423 475 4494 villaggiu
490 4426 519 4478 ‹li
536 4427 691 4498 Parupuro
712 4432 892 4500 appartieuc·
914 4451 966 4487 ora
980 4435 1008 4488 al
1024 4454 1152 4490 colimne
1168 4438 1198 4490 cli
1211 4439 1315 4507 Sarga,
1331 4439 1387 4491 elie

157 4515 173 4564 e
196 4513 244 4566 uel
267 4514 423 4567 territorio
444 4515 612 4582 Veronese,
644 4535 691 4572 rua
711 4538 801 4574 verso
824 4523 843 4574 il
866 4523 1061 4590 lllantovanO,
1089 4543 1104 4579 e
1125 4527 1349 4596 precisaruente
1371 4546 1389 4580 a

156 4617 220 4656 non
239 4604 353 4671 grande
374 4604 514 4658 distanza
534 4606 572 4659 da
593 4607 694 4662 Castel
717 4610 839 4664 dalrio.
