2858 4792
610 455 679 497 noc.
704 456 765 498 xn:
791 437 863 498 1265

160 665 221 727 dum
238 667 307 728 olim
331 667 514 749 principem
541 666 765 730 Tarentinum
793 683 824 730 et
856 667 1033 734 Ubertum‘
1054 670 1282 734 Pelavicinu'm
1305 680 1357 749 (cr)

160 799 183 845 et
202 783 340 847 Bosonem
363 784 402 848 de
425 784 570 846 Dovaria
594 797 625 847 et
648 805 761 848 omnes
783 786 950 850 adiutores
971 807 1085 850 eorum
1102 802 1134 852 et
1150 804 1265 852 contra
1289 811 1358 854 om-

161 919 203 960 ncs
218 898 353 962 inimicos
376 898 522 980 ipsorum
545 899 710 963 nobilium
734 914 766 961 et
789 901 947 964 heredum
969 922 1107 966 suorum
1135 919 1167 966 et
1189 905 1357 968 dictorum

159 1015 331 1078 Cononium
354 1016 499 1078 civitatis
523 1016 661 1078 Mantue
682 1033 713 1078 et
736 1016 897 1091 Ferraria,
920 1038 1001 1100 quos
1024 1019 1148 1086 habeut
1176 1024 1226 1083 vel
1250 1026 1283 1084 in
1309 1023 1359 1084 fu-

158 1145 246 1196 turum
258 1133 436 1202 habebunt,
457 1147 489 1194 et
512 1145 729 1196 manutenere
746 1133 831 1215 ipsos
853 1134 978 1198 nobiles
991 1147 1023 1196 et
1038 1155 1153 1200 eorum
1177 1138 1308 1200 heredes
1325 1153 1356 1202 et

155 1248 223 1310 dicta
242 1249 402 1314 Comunia
425 1247 600 1310 civitatum
625 1249 763 1316 Mantua
777 1263 809 1310 et
825 1249 851 1310 F
854 1251 977 1312 errarie
994 1266 1025 1313 et
1042 1251 1191 1314 homines
1209 1254 1355 1336 ipsarum

152 1361 300 1428 civitatum
323 1379 354 1426 et
376 1363 588 1426 districtuum
612 1363 646 1425 in
669 1383 707 1426 eo
730 1379 819 1428 statu
843 1365 878 1430 in
901 1386 968 1448 quo
985 1381 1075 1440 sunt,
1092 1383 1124 1431 et
1141 1368 1175 1430 in
1194 1387 1257 1451 posi

151 1477 239 1552 nibus,
266 1480 393 1544 iuribus
423 1495 455 1542 et
486 1479 639 1562 signoriis
659 1481 707 1554 (b)
732 1499 847 1544 eorum
871 1497 902 1546 et
925 1483 1080 1547 reducere¹
1109 1500 1140 1548 et
1167 1504 1357 1550 conservata

149 1595 219 1676 ipsos
237 1598 357 1660 nobiles
379 1596 606 1660 Marthiorrem
629 1611 661 1660 et
684 1597 849 1662 Comitem
872 1614 904 1663 et
926 1619 1041 1664 eorum
1066 1601 1197 1664 heredes
1216 1618 1248 1664 et
1270 1604 1309 1666 dir

146 1709 293 1776 Comunia
308 1728 340 1776 et
358 1733 470 1776 omnes
486 1727 517 1776 et
531 1713 677 1794 singulos
691 1715 857 1777 dictorum
881 1716 1087 1779 Comunium
1103 1731 1262 1782 eteorum
1278 1722 1359 1782 ami-

141 1829 268 1909 eosqui
291 1829 435 1911 predicta
459 1828 644 1892 iuraverint
670 1844 701 1892 et
726 1831 937 1911 promiserint
959 1832 1020 1915 ipsi
1043 1833 1179 1896 domino
1203 1834 1280 1914 Regi
1306 1837 1358 1897 vel

135 1945 199 2006 eius
220 1946 348 2018 nuntie,
370 1945 404 2008 in
427 1946 582 2008 omnibus
604 1947 669 2008 suis
685 1947 878 2018 honoribus,
893 1948 1190 2020 dominationibus,
1211 1952 1358 2029 signora-

134 2060 201 2122 ticis
221 2065 275 2136 (c),
298 2061 489 2144 privilegiis,
506 2062 791 2124 iurisdictionibus
813 2078 843 2126 et
871 2064 1178 2133 consuetudinibus,
1210 2085 1274 2144 que
1297 2065 1356 2126 ha-

129 2179 217 2247 bent,
239 2176 288 2238 vel
312 2177 513 2249 habuerunt,
529 2180 579 2240 vel
592 2179 680 2240 soliti
697 2193 793 2242 erant
809 2179 869 2260 ipsi
893 2181 942 2240 vel
965 2179 1015 2240 sui
1039 2180 1282 2260 predecessores,
1306 2201 1342 2243 ve

125 2293 246 2374 aliquis
267 2294 490 2374 predictorum
514 2295 716 2376 ubicumque
738 2295 867 2363 habere.
890 2296 940 2357 rel
964 2311 1083 2366 tenere,
1103 2296 1153 2356 vel
1171 2315 1234 2375 que
1257 2296 1340 2358 habe

123 2425 199 2474 rent
223 2409 272 2486 (d)
294 2413 328 2472 in
352 2410 515 2482 futurum.
537 2425 569 2473 et
591 2413 664 2473 illas
686 2427 717 2473 et
740 2413 795 2472 illa
819 2431 1020 2492 recuperare,
1042 2412 1066 2474 si
1090 2412 1124 2472 in
1149 2413 1262 2492 aliquo
1276 2434 1345 2476 sur*

121 2526 260 2608 privati,
283 2526 333 2588 vel
356 2547 407 2588 eas
431 2529 480 2589 vel
503 2547 540 2588 ea
570 2527 776 2590 ammiserint
806 2527 856 2587 vel
880 2528 1074 2588 ammictent
1100 2530 1139 2589 de
1161 2544 1277 2600 cetere,

118 2643 167 2704 eis
184 2644 221 2702 in
237 2642 351 2722 aliquo
374 2642 597 2722 privarentur,
619 2656 651 2703 et
675 2643 735 2703 hoc
758 2643 797 2702 de
819 2643 975 2703 omnibus
998 2643 1053 2703 ubi
1078 2643 1128 2703 ius
1151 2643 1281 2704 habent.

118 2759 155 2819 in
183 2757 337 2820 futurum
361 2757 531 2829 haberent,
554 2771 667 2819 contra
692 2778 899 2838 quecumque
922 2756 1098 2831 Comurria,
1116 2759 1243 2821 Univer

117 2891 152 2938 et
179 2874 349 2944 Dominus,
371 2889 402 2937 et
425 2891 648 2955 quascumque
681 2875 760 2935 alias
788 2895 951 2955 personam,
983 2875 1218 2955 cuiuscumque
1246 2887 1325 2937 cono

117 2988 237 3059 tionis,
252 3002 284 3052 et
300 2988 387 3070 quod
405 3008 470 3049 non
490 2988 608 3050 facient
624 2989 690 3069 ipse
712 2989 867 3051 dominus
890 2989 957 3051 Rex
986 2990 1035 3050 vel
1050 2991 1130 3051 dicti
1151 2991 1202 3050 sui
1225 2990 1322 3051 hered

117 3123 237 3186 pacem
271 3103 321 3166 vel
345 3118 496 3184 treugam
519 3111 563 3178 (e)
598 3106 647 3165 rel
672 3125 826 3188 guerram
860 3107 1077 3176 recredutanr,
1106 3111 1181 3167 cum
1212 3106 1325 3166 inimi*

117 3219 329 3304 presentibus
351 3221 401 3282 vel
419 3221 548 3283 luroris
570 3222 736 3284 dictorum
760 3224 922 3284 nobilium
946 3238 976 3285 et
1005 3223 1160 3285 heredum
1185 3244 1249 3286 eorr

117 3337 289 3399 dictarum
313 3336 489 3398 civitatum
506 3337 579 3418 (s),
598 3339 666 3400 sine
682 3360 826 3421 expressa
845 3341 1019 3401 voluntate
1034 3355 1064 3400 et
1081 3361 1223 3402 consen·

117 3473 199 3515 rum
225 3453 387 3516 nobilium
412 3454 615 3516 biarchionis
636 3470 667 3516 et
692 3456 831 3517 Comitis
847 3472 878 3518 et
897 3457 1051 3517 heredum
1075 3477 1188 3517 eorum

119 3591 200 3634 rum
225 3569 427 3634 Comunium
456 3573 632 3633 civitatum
664 3575 802 3634 llantue
826 3589 856 3634 et
880 3574 1039 3642 l'errarie,
1067 3575 1114 3633 vel
1139 3593 1189 3633 cer

119 3707 240 3750 eorum
264 3686 304 3748 ad
327 3687 387 3748 hoc
409 3689 591 3768 specialiter
615 3688 799 3749 constituti.
886 3689 953 3747 lloc
977 3702 1049 3748 acto
1073 3688 1158 3747 int*

119 3805 233 3866 dictus
244 3803 398 3866 dominus
421 3805 489 3865 Rex
514 3806 601 3866 ultra
626 3806 728 3865 dictas
751 3805 900 3865 civitates
922 3806 1019 3884 possit

121 3919 245 3980 vitares
266 3934 297 3979 et
319 3932 424 3980 castra
449 3920 498 3978 vel
523 3919 675 3979 dominos
696 3933 879 3978 castrorum
904 3918 1041 3976 volema

118 4034 323 4104 societatem,
344 4033 486 4114 exceptis
514 4035 713 4103 exbannitiS,
737 4033 967 4112 nralsardis(g)
983 4033 1037 4093 et'

119 4147 288 4214 nobilium
312 4148 515 4209 Marchionis
537 4164 567 4210 et
592 4149 731 4210 Comitis
747 4164 777 4208 ct
795 4148 951 4208 heredum
974 4167 1009 4206 su

120 4268 219 4328 nium
244 4265 381 4325 Mantue
403 4279 435 4325 et
458 4265 615 4326 Ferrarie.
741 4265 814 4336 Qut·
838 4264 948 4323 onmia
967 4264 1009 4322 dh

119 4400 182 4443 suo
206 4379 339 4442 nomine
361 4395 392 4442 et
415 4381 580 4441 dictorum
606 4382 760 4441 heredum
785 4400 931 4448 suorum,
952 4399 1009 4459 pro

177 4568 215 4620 (a)
231 4568 281 4609 Cet
296 4579 369 4608 contra
386 4569 488 4609 L'bcrtunr
506 4569 655 4607 Peliaricirttm
720 4568 752 4618 (²)
768 4568 804 4608 fic
818 4581 924 4608 §elnotus
980 4572 1004 4606 l:

119 4643 238 4682 habuerint
285 4641 480 4695 (e)BCtreug.rrn
535 4641 871 4691 (s)(ilianum:nn-,mrim
928 4642 1009 4690 1515:
