2874 4748
638 396 709 438 DOC.
732 397 827 438 Lxlvt
855 397 928 458 1299

409 561 600 669 Domafollo
622 609 661 669 de
684 608 834 700 Tribulis

413 725 530 806 Boreio
553 726 591 786 de
616 725 817 787 Grascedino

409 840 591 919 Frogerino
613 839 652 900 de
674 839 854 920 Frogetiis·

413 1026 643 1106 Palavignono
665 1030 785 1087 Amare

408 1140 582 1202 Torellino
604 1141 643 1202 de
666 1140 808 1202 Torellis

373 1375 377 1384 -
412 1329 581 1391 Guilelmo
604 1330 643 1390 de
666 1329 833 1390 Axandris

411 1444 582 1506 Bertolino
604 1446 642 1506 de
666 1444 825 1525 Gaytauo

410 1631 586 1692 Adelberio
608 1633 646 1691 de
670 1632 852 1692 Adelberiis
870 1637 934 1706 (a).

251 1844 287 1904 ln
305 1845 438 1906 nomine
456 1845 592 1905 Christi.
652 1845 711 1905 Die
732 1845 901 1907 dominico
916 1846 1184 1928 vigesimoprimo
1203 1846 1298 1926 iunii,
1315 1847 1403 1908 mile·

167 1961 250 2022 simo
272 1961 495 2021 ducentesimo
520 1962 731 2041 nonagesimo
754 1980 854 2033 nono,
877 1961 1058 2022 indictione
1080 1962 1285 2024 duodecima.
1328 1963 1401 2023 Pte-

166 2077 314 2138 sentibus
344 2076 488 2136 dominis
519 2076 730 2137 Manlredino
753 2077 791 2136 de
815 2077 992 2149 Axandris,
1023 2078 1179 2139 Montino
1211 2078 1250 2138 de
1273 2078 1401 2159 Spallis,

171 2193 359 2256 Domalollo
382 2193 420 2253 de
442 2193 603 2262 Tribulis,
627 2193 837 2254 Zanneberto
859 2194 897 2254 de
920 2194 1138 2274 Tridapaleis,
1167 2194 1339 2256 Bullaeino
1361 2197 1400 2255 de

170 2307 411 2380 Cremensibus,
434 2309 623 2370 Schenardo
645 2309 815 2389 quondam
838 2309 965 2371 domini
989 2309 1176 2371 Salimbene
1195 2310 1233 2369 de
1257 2309 1402 2378 Puianis,

169 2426 350 2508 Frogerino
368 2427 498 2487 notario
514 2426 552 2487 de
568 2426 592 2485 F
598 2426 731 2506 rogeriis
747 2441 777 2486 et
796 2425 1071 2486 llonaventurino
1095 2425 1221 2486 domini
1247 2424 1403 2487 lobannis

169 2543 207 2604 de
220 2543 380 2612 Soldanis,
403 2544 540 2603 testibus
564 2543 694 2622 rogatis.
779 2544 927 2611 Maritue‚
940 2543 974 2602 in
991 2542 1089 2602 domo
1113 2541 1330 2603 habitationis
1345 2541 1401 2601 do-

171 2659 252 2720 mini
276 2659 471 2720 Bardelloni
496 2659 659 2739 capitanei
684 2659 822 2718 Mantue
846 2658 1059 2739 infrascripti.
1144 2657 1192 2718 lbi
1216 2659 1336 2719 nobilis
1353 2659 1402 2718 vir

169 2775 324 2834 dominus
348 2774 566 2834 Bardellonus
589 2776 628 2834 de
651 2774 857 2844 Bonacolsis,
880 2775 1072 2854 capitaneus
1095 2775 1311 2845 Mantuanus,
1332 2793 1403 2833 con-

166 2889 276 2951 stituit
299 2905 331 2950 et
354 2891 524 2950 ordinavit
550 2891 693 2951 nobilem
718 2891 827 2950 virum
851 2891 1026 2952 dominum
1043 2890 1211 2970 Taginum
1236 2891 1275 2950 de
1298 2890 1404 2950 Bona·

168 3006 260 3067 colsis
277 3005 412 3067 fratrem
429 3025 538 3075 suurn,
563 3022 743 3085 presentent
761 3022 792 3067 et
813 3007 1034 3086 recipientem,
1056 3027 1152 3066 suum
1172 3021 1298 3067 certum
1317 3026 1402 3067 nun·

167 3124 265 3194 cium,
301 3139 444 3184 actorem
475 3139 506 3184 et
539 3139 798 3202 procuratorem,
828 3124 866 3184 ad
900 3125 1142 3194 innovandum,
1176 3124 1402 3203 repetendum,

167 3241 441 3301 consolidandam
465 3255 495 3300 et
520 3241 790 3319 reintegrandum
817 3261 875 3320 pro
897 3262 928 3300 se
951 3242 1087 3302 domino
1122 3240 1320 3302 Bardellono
1344 3239 1404 3298 Ca-

170 3365 303 3441 pitaneo
328 3359 525 3428 Mantuano,
540 3378 576 3417 ac
598 3358 696 3418 etiam
723 3378 781 3437 pro
810 3379 840 3417 se
870 3359 1006 3418 domino
1029 3358 1160 3438 Tagino
1183 3373 1214 3418 et
1238 3358 1306 3417 eius
1330 3377 1403 3436 pro-

170 3474 242 3555 prio
265 3475 410 3542 nomine,
432 3489 463 3534 et
488 3494 546 3552 pro
569 3473 703 3533 civitate
728 3476 865 3534 Mantne
887 3489 918 3534 et
941 3475 1055 3533 ceteris
1078 3472 1155 3533 locis
1180 3488 1211 3533 et
1236 3473 1330 3532 terris
1354 3473 1402 3531 iu·

170 3589 335 3650 risditioni
367 3604 397 3649 et
430 3587 579 3648 dominio
611 3608 724 3648 eorum
759 3604 789 3648 et
823 3589 998 3648 cuiuslibet
1032 3607 1144 3647 corum
1184 3587 1348 3656 subiectis,
1371 3602 1403 3646 et

171 3705 444 3765 universitatibus
476 3723 601 3772 earum,
634 3705 808 3784 antiquam
843 3720 874 3763 et
908 3703 1118 3782 antiquatam
1155 3702 1338 3763 amiciciam
1370 3717 1402 3762 et

172 3822 428 3883 benivolentiam
453 3840 525 3880 cum
545 3820 665 3880 illustri
683 3835 712 3880 et
731 3820 907 3900 magnifico
925 3819 1061 3879 domino
1085 3824 1196 3895 Acone
1221 3817 1279 3878 Dei
1296 3817 1402 3895 gratia

171 3938 296 3998 Estensi
320 3952 351 3998 et
376 3936 614 3997 Anchonitano
646 3937 848 4005 Marcbione,
878 3936 1052 3995 civitatum
1084 3933 1244 4003 Ferrarie,
1274 3931 1404 3992 Mutine

168 4068 200 4116 et
222 4053 312 4133 Regii
337 4053 474 4113 domino
496 4053 651 4130 generali,
675 4073 705 4112 er
729 4073 802 4112 eum
827 4053 964 4112 domino
987 4050 1011 4110 F
1016 4048 1187 4109 ranciscbo
1203 4048 1271 4108 eius
1292 4049 1404 4117 fratre,

167 4172 279 4234 eadem
303 4172 409 4250 gratia
436 4171 560 4231 Estensi
578 4185 609 4229 et
627 4171 866 4230 Anchonitano
889 4167 1155 4237 conmarcbione,
1176 4187 1236 4248 pro
1259 4167 1334 4246 ipsis
1350 4166 1406 4225 do-

171 4288 269 4349 minis
304 4287 554 4346 Matcbionibus
588 4301 618 4346 et
642 4287 835 4346 civitatibus
871 4285 1023 4366 predictis
1055 4283 1197 4352 Ferarie,
1220 4283 1350 4342 Mutine
1373 4296 1404 4341 et

172 4404 277 4487 Regij,
300 4420 399 4486 atque
421 4407 535 4466 ceteris
552 4406 628 4465 locis
644 4421 675 4465 et
693 4405 788 4464 terris
812 4402 1014 4463 iurisditioni
1039 4415 1069 4461 et
1093 4395 1241 4460 dominio
1260 4402 1404 4480 ipsorum

224 4587 318 4644 (11)Nel
334 4605 373 4633 mr.
391 4594 461 4642 «praesti
474 4593 535 4630 rromr'
548 4605 598 4630 suro
613 4593 753 4640 sconryrrrin'
765 4605 791 4629 ru
807 4593 881 4640 :step-tc
896 4593 994 4632 calonne.
