2858 4792
530 470 601 514 noc.
623 471 722 514 xxxiv
745 471 764 514 r
786 471 893 514 xxxv:
920 457 993 534 1259

697 901 836 964 XXXV.

209 1123 324 1178 Fonrr.
341 1153 377 1164 -
395 1122 434 1178 A.
472 1123 497 1178 11
511 1131 656 1195 presente
681 1124 867 1179 documento
890 1123 1017 1196 leggesi,
1040 1125 1195 1180 trascritto
1222 1125 1254 1180 di

121 1247 244 1298 mano,
264 1229 319 1284 nel
338 1229 399 1286 vol.
422 1229 531 1286 “Prin
550 1229 635 1286 Corn.
655 1229 750 1286 Mant.
764 1271 789 1300 ,,,
809 1231 828 1286 s.
847 1230 916 1286 251)
936 1261 969 1271 —
989 1248 1024 1302 27
1038 1249 1063 1286 r.

207 1406 335 1476 Questo
355 1413 418 1461 atto
438 1409 455 1461 e
473 1405 630 1462 ricordato
650 1407 701 1462 dal
720 1407 837 1476 Vorrn,
858 1407 880 1475 1,
899 1423 961 1478 241,
980 1407 1038 1462 che
1058 1408 1120 1463 cita
1138 1425 1174 1480 ap

121 1513 172 1586 gli
195 1513 292 1583 25-27
311 1511 362 1568 del
381 1513 475 1568 citato
494 1511 636 1584 registro.

387 1759 505 1836 1259,
528 1762 707 1824 novembre
730 1763 786 1837 30;
810 1761 981 1834 Mantova,
1005 1763 1137 1844 palazzo
1160 1764 1242 1826 recti

629 1878 680 1940 del
703 1877 864 1940 Comune.

233 2075 299 2142 Nel
325 2075 480 2164 Consiglio
507 2076 660 2157 Generale,
688 2077 844 2144 Catellano
868 2077 907 2142 da
931 2077 1067 2162 Bologna
1078 2075 1204 2164 podestd
1221 2078 1278 2144 dii

129 2219 221 2285 tovo,
250 2225 265 2268 e
290 2203 360 2268 tutti
382 2202 415 2268 di
437 2203 513 2268 detto
540 2201 697 2291 Consiglio
720 2203 909 2269 stabiliscono
939 2205 950 2267 i
974 2203 1037 2269 loro
1069 2207 1162 2288 verereri
1185 2226 1203 2270 a
1225 2204 1282 2292 sar

129 2332 181 2397 coi
218 2329 372 2396 Veronesi.

230 2453 326 2540 Segne
345 2452 370 2518 it
386 2465 456 2518 testo
479 2451 528 2518 dei
539 2455 631 2540 parti,
649 2453 770 2518 secondo
795 2466 904 2541 qrrrnto
921 2467 967 2518 ste
985 2455 1093 2519 inserto
1116 2452 1206 2519 anche
1228 2475 1242 2518 r

130 2579 254 2645 cedente
277 2576 447 2642 decurrente
471 2599 607 2642 veronese
630 2575 677 2641 del
700 2580 742 2643 23
766 2600 833 2642 noe.
860 2597 895 2644 12
899 2597 953 2663 59.

231 2702 368 2790 Seguono
385 2701 411 2767 le
420 2700 555 2789 formale
578 2701 659 2767 sulla
675 2705 869 2788 trecenario-ne
889 2701 969 2767 della
980 2715 1054 2790 pace
1070 2700 1226 2791 deportet

128 2828 279 2916 predetti,
304 2849 371 2908 ece,
396 2829 428 2893 in
452 2827 537 2893 modo
562 2827 690 2914 asiologo
715 2849 733 2892 a
758 2840 867 2915 qrrerrto
892 2827 1003 2915 leggesi
1018 2828 1066 2893 nel
1089 2829 1227 2894 documen

131 2977 203 3018 nese
222 2950 367 3040 predere.

221 3205 304 3268 Item
321 3203 360 3268 de
379 3204 521 3268 Verona.
543 3226 549 3240 ·
567 3207 600 3266 Μ
620 3226 626 3241 ·
644 3228 680 3267 cc
696 3227 702 3242 ·
720 3179 836 3268 Linon·
859 3205 1022 3268 inditione
1043 3208 1185 3267 secunda
1207 3213 1219 3282 (

221 3393 260 3454 In
278 3391 403 3455 Christi
421 3394 565 3458 nornine.
646 3394 704 3456 Die
720 3397 887 3457 dominico
904 3396 1025 3458 ultimo
1042 3392 1159 3454 mensis

133 3509 350 3572 Presentibus
367 3510 510 3573 dominis
526 3511 762 3573 Bartholameo
782 3512 962 3583 Nuvoloni,
978 3509 1111 3590 Agnelli
1127 3510 1165 3570 de

133 3626 241 3698 ribus,
264 3624 499 3688 Bartholameo
521 3627 559 3688 de
583 3627 791 3696 Gunrnariis,
821 3628 971 3689 Antonio
994 3627 1032 3687 de
1057 3626 1150 3686 Bottr

133 3739 176 3802 de
201 3738 287 3820 Ripa
305 3753 337 3801 et
359 3740 559 3803 Pinatnonte
582 3741 620 3802 de
643 3741 840 3811 Bonacolsis,
864 3740 1060 3821 Opronditm
1086 3740 1098 3772 *¹

131 3853 230 3915 colao
252 3851 292 3914 de
313 3851 508 3932 Paeonibus
537 3854 681 3936 <Iuliano
703 3856 741 3915 de
765 3852 909 3926 Feraria,
937 3870 968 3915 et
992 3856 1021 3914 ol

129 3969 220 4028 sicut
245 3967 345 4028 moris
366 3982 412 4030 est
435 3966 670 4030 Consiliorum.
776 3970 811 4030 in
836 3971 968 4051 publico
990 3983 1021 4030 et

129 4083 333 4146 Communis
357 4083 505 4157 Mantue‚
531 4086 571 4147 ad
596 4106 713 4147 sonunt
742 4106 899 4167 campane
927 4103 958 4146 et
985 4108 990 4122 ¹

124 4197 241 4269 solit0,
262 4213 472 4281 congregem,
501 4201 541 4262 ad
571 4203 658 4282 quod
693 4202 794 4262 eciam
827 4204 933 4263 vocati
965 4202 990 4262 ti

125 4311 336 4385 Vexiliferri,
358 4312 561 4397 Capitoneus
578 4318 802 4397 paratieorunr
826 4334 856 4379 et
880 4339 990 4378 omnes

125 4432 285 4503 Mantue,
299 4427 536 4513 superpalatio
559 4433 659 4494 vereri
678 4434 873 4498 Communis
898 4435 991 4493 Xinnt

180 4655 221 4702 (ι)
231 4623 264 4692 ΔΙιι
278 4651 379 4693 rubrica.
