2858 4792
99 489 154 552 168
405 506 575 548 nrnrzrom
599 509 659 548 aar
681 507 810 549 eunoun
836 507 854 546 n
877 507 1029 547 iranrova

799 613 953 622 -—-——

96 737 209 786 mento
229 723 410 786 sindicatus
430 721 580 784 confecto
602 741 704 784 manu
729 719 920 800 Adhelberii
937 720 976 782 de
993 719 1202 802 Adhelberijs
1223 727 1273 798 (a)
1298 735 1331 784 et

94 843 112 884 a
135 842 186 883 me
210 823 341 885 notario
364 821 576 901 infrascripto
598 821 668 881 viso
690 835 721 882 et
744 821 828 881 lecto
849 840 888 881 ex
911 819 974 882 alia
998 833 1102 901 parte,
1124 823 1195 884 vice
1217 834 1249 884 et
1273 841 1332 883 no-

95 939 183 999 mine
206 937 448 1000 Communium
472 936 708 1019 predictorum.

174 1051 218 1132 [l]
242 1052 354 1114 Primo
376 1051 465 1132 quod
489 1031 705 1112 invictissimo
730 1050 867 1110 domino
891 1049 1015 1111 Karolo
1033 1049 1092 1112 Dei
1108 1051 1216 1132 gratia
1242 1052 1332 1113 leru-

94 1171 195 1231 salem
217 1184 249 1231 et
273 1168 382 1230 Sicilie
401 1167 606 1229 serenissimo
630 1166 695 1247 regi
718 1180 867 1227 servetur
889 1166 938 1226 sui
955 1166 1111 1227 culminis
1135 1167 1252 1239 honor,
1270 1169 1327 1229 ubi

95 1287 201 1347 debet.

176 1402 235 1483 [ll]
260 1404 341 1464 ltem
355 1401 443 1482 quod
461 1402 529 1462 loca
545 1416 704 1482 occupata
727 1415 757 1462 et
774 1402 897 1482 captivi
922 1403 1143 1463 restituantur
1167 1402 1329 1483 utrisque.

175 1519 252 1599 [ΙΙΙ]
276 1518 357 1580 Item
380 1518 469 1599 quod
493 1518 623 1579 banniti
646 1532 678 1580 et
701 1517 882 1579 malexardi
913 1518 951 1578 de
975 1518 1105 1580 Verona
1130 1533 1162 1580 et
1186 1519 1328 1581 Mantua

94 1651 126 1696 et
148 1653 263 1696 eorum
288 1632 411 1693 familie
432 1647 517 1693 stare
541 1633 664 1712 possint
686 1646 718 1694 et
740 1632 880 1693 debeant
905 1634 938 1694 in
961 1633 1096 1694 civitate
1114 1634 1225 1695 Brixie
1247 1655 1264 1695 a
1287 1635 1332 1695 ti·

95 1753 198 1812 vitate
223 1750 332 1810 Brixie
361 1769 471 1830 supra,
500 1749 620 1811 seilicet
646 1771 663 1810 a
686 1763 790 1810 strata
824 1751 1007 1812 Urcearum
1035 1751 1185 1832 superius
1219 1771 1333 1812 versus

94 1888 174 1939 sera,
197 1868 242 1929 ita
265 1867 354 1947 quod
378 1887 394 1926 a
418 1867 552 1927 civitate
576 1866 686 1928 Brixie
720 1887 829 1927 versus
853 1867 1019 1928 Veronam
1042 1881 1073 1928 et
1099 1869 1273 1930 Mantuam
1298 1883 1332 1929 et

94 1987 262 2046 districtus
284 1985 430 2064 ipsarum
453 1983 629 2044 civitatum
654 1985 764 2044 venire
781 2004 846 2044 non
868 1984 1024 2054 audeant,
1048 2003 1103 2046 nec
1127 1997 1332 2065 presumant,

95 2116 127 2162 et
150 2120 344 2162 econverso
367 2098 454 2179 quod
481 2100 610 2159 banniti
634 2114 664 2160 et
689 2100 869 2159 rnalexardi
893 2100 931 2160 de
956 2099 1069 2161 Brixia
1092 2113 1123 2161 et
1146 2119 1261 2161 eorum
1287 2100 1331 2160 fa·

97 2216 186 2278 milie
207 2230 292 2278 stare
315 2215 439 2296 possint
462 2229 492 2274 et
515 2214 654 2275 debeant
673 2215 705 2274 in
723 2215 914 2275 civitatibus
941 2215 1067 2276 Verona
1089 2231 1119 2277 et
1145 2216 1283 2277 Mantue
1298 2231 1331 2277 et

97 2353 113 2392 a
137 2333 233 2394 dietis
261 2331 454 2391 civitatibus
484 2330 630 2400 inferius,
663 2333 708 2391 ita
733 2333 820 2412 quod
844 2353 860 2392 a
885 2331 980 2394 dictis
1009 2334 1202 2394 civitatibus
1231 2353 1330 2414 supra

101 2467 211 2509 versus
236 2447 384 2508 Brixiam
411 2445 611 2506 Veronenses
642 2447 752 2506 uenire
777 2468 841 2508 non
866 2448 1021 2519 audeant,
1050 2469 1106 2509 nec
1130 2464 1333 2529 presumant,

96 2577 127 2624 et
149 2563 174 2622 si
198 2563 400 2642 contingerit
419 2562 600 2622 Brixienses
622 2565 818 2625 extrinsecos
843 2566 923 2625 velle
939 2566 985 2626 ire
1004 2566 1134 2626 Verona
1156 2567 1330 2627 Mantuam

97 2695 129 2740 et
155 2680 294 2739 Mantua
322 2677 499 2749 Veronam,
516 2678 561 2738 ire
578 2680 717 2739 debeant
737 2700 791 2759 per
808 2694 947 2740 stratam
972 2681 1143 2759 Castelarij
1168 2694 1199 2742 et
1224 2682 1333 2742 Insule

102 2809 132 2855 et
157 2795 284 2854 intrare
306 2809 336 2856 et
360 2794 448 2853 exire
472 2807 604 2854 tantum
629 2815 683 2873 per
709 2810 840 2873 pontem
859 2796 969 2875 pontis
985 2797 1130 2857 ciuitatis
1154 2797 1271 2858 veteris
1287 2797 1336 2871 (b)

99 2912 137 2970 de
163 2911 302 2969 Mantua
326 2925 357 2968 et
381 2929 436 2988 per
460 2924 589 2989 portam
617 2910 735 2970 llarioli
759 2912 796 2970 de
821 2911 950 2972 Verona
975 2929 1004 2972 et
1032 2933 1096 2972 non
1119 2913 1216 2974 liceat
1239 2913 1336 2973 dictis

101 3026 326 3086 Brixiensibns
348 3025 537 3085 extrinsecis
560 3048 576 3084 a
600 3026 687 3087 dicta
710 3042 812 3088 strata
847 3027 1018 3102 Castelarii
1044 3043 1074 3089 et
1100 3030 1208 3089 lnsule
1238 3049 1334 3110 supe-

100 3143 177 3214 rius,
202 3145 256 3211 ire,
279 3156 375 3212 stare,
399 3163 503 3222 neque
526 3143 640 3212 redire,
663 3158 707 3203 set
732 3164 748 3202 a
773 3144 857 3204 dicta
891 3159 993 3204 strata
1020 3145 1165 3217 inferius,
1193 3166 1259 3226 quo
1282 3167 1335 3208 vo·

101 3259 235 3330 luerint,
258 3259 304 3317 ire
328 3259 461 3338 possint,

180 3376 255 3454 [ΙΙ]
281 3376 361 3435 ltent
385 3377 471 3454 qnod
495 3377 519 3434 si
544 3377 647 3456 aliqui
664 3399 700 3437 ex
719 3378 814 3438 dictis
836 3379 1029 3439 rit-'itatilrus
1055 3381 1092 3438 de
1115 3395 1222 3440 cetero
1246 3381 1335 3440 barn-

103 3493 257 3553 nizentur
281 3494 324 3570 (c)
347 3511 441 3551 causa
469 3492 583 3561 Partis,
618 3494 821 3564 tradiinenti,
853 3515 907 3554 seu
939 3496 1145 3575 proditionis,
1176 3497 1208 3555 in
1232 3497 1329 3556 dictis

100 3610 388 3671 civitatibusstare
403 3628 466 3668 non
483 3609 605 3687 possint
626 3610 697 3688 ipsi,
721 3630 776 3669 nec
790 3631 901 3671 eorum
921 3613 1053 3682 familie,
1068 3630 1113 3674 ser
1135 3615 1172 3673 tle
1196 3614 1270 3694 ipsis
1284 3615 1334 3688 (d)

100 3727 292 3787 ciuitatibus
315 3740 345 3785 et
369 3725 525 3784 districtis
547 3725 736 3784 earumdem
762 3727 819 3806 ipsi
849 3743 879 3787 et
910 3748 1023 3787 eorum
1050 3729 1172 3790 latnilie
1201 3732 1332 3808 penitus

100 3845 319 3923 expellantur,
335 3862 389 3902 nec
405 3843 615 3920 recipiantur,
637 3861 692 3901 nec
709 3844 923 3904 dimittantur
940 3853 983 3918 (a)
1001 3848 1139 3906 ulterius
1153 3848 1184 3906 in
1199 3849 1328 3911 eisdem.

182 3960 239 4035 [Vl
267 3959 344 4018 ltem
370 3959 458 4037 qnod
482 3979 542 4037 pax
563 3958 827 4026 rii-immanitatis
850 3975 878 4019 et
903 3982 985 4040 equa
1010 3964 1047 4022 kik’
1071 3977 1177 4024 cetero
1200 3986 1262 4024 esse
1285 3966 1336 4026 ile·

103 4076 174 4133 nun
199 4076 284 4133 inter
309 4075 374 4154 ipsa
410 4074 574 4133 (Iomnnia
600 4075 710 4133 Bririe
732 4090 762 4134 et
789 4077 915 4136 Verona·
945 4093 974 4136 et
1007 4080 1155 4149 Mantue,
1178 4099 1240 4160 que
1265 4101 1333 4160 per·

101 4203 200 4267 petuo
225 4188 309 4247 inter
328 4191 393 4267 ipsa
412 4188 576 4247 (Jornunia
594 4204 623 4247 et
644 4188 802 4249 Homines
819 4191 961 4269 ipsorum
988 4193 1193 4254 Comunium
1212 4195 1335 4256 durare

101 4305 214 4350 riviifwll
238 4318 267 4350 Pi
292 4303 414 4350 QrWl'tll‘i
461 4304 502 4350 iifl
535 4320 563 4350 vi
596 4305 651 4350 ilii
678 4306 774 4350 mimir]
804 4309 889 4351 triremi
923 4310 1032 4350 rrrnmi
1066 4331 1129 4350 rann
1156 4311 1253 4350 nacci?
1281 4333 1336 4350 nrm
