2858 4792
580 419 650 458 noc.
674 418 769 458 xcvi:
798 399 869 480 1275
892 397 935 477 (Ρ)
1040 481 1042 485 Ι
1323 399 1376 458 155

128 632 269 712 plenius
299 644 329 692 et
360 628 488 691 facilius
523 629 685 692 habeatur
707 645 739 691 et
762 649 822 712 pro
843 631 978 691 statutis
1010 629 1185 711 utriusque
1210 630 1376 690 dictorum

131 746 382 808 Communium
418 746 531 807 haberi
565 743 706 807 debeant
729 758 761 807 et
783 733 917 817 servari,
950 766 1017 808 non
1050 747 1202 808 obstante
1236 745 1377 805 arbitrio

130 883 290 926 concesso
312 877 459 945 tempore
481 863 568 945 pacis
591 862 686 924 dictis
718 863 861 924 dominis
882 863 1077 926 Pinamonti
1102 876 1133 924 et
1159 862 1312 923 Mastino'
1327 881 1377 922 ar-

134 981 237 1042 bitris
259 994 291 1042 et
314 979 571 1041 arbitrator'rbus
593 993 625 1040 et
648 979 884 1060 compromisso
917 978 951 1039 in
974 979 1019 1041 eis
1042 980 1129 1040 facto
1151 979 1190 1040 de
1213 978 1324 1039 causis
1345 991 1377 1038 et

131 1097 370 1180 questionibus
391 1099 582 1158 memoratis
604 1110 635 1157 et
659 1115 726 1156 non
749 1095 959 1157 obstantibus
981 1095 1116 1157 arbitris
1138 1095 1224 1157 datis
1245 1107 1277 1156 et
1300 1114 1332 1155 cc

130 1214 232 1277 cessis
254 1213 472 1296 potestatibus
501 1232 556 1274 seu
591 1213 772 1274 rectoribus
795 1213 961 1274 dictarum
989 1212 1177 1275 Civitatum
1200 1231 1254 1274 seu
1279 1210 1360 1272 Cem

132 1331 294 1392 munium
319 1329 371 1391 vel
393 1328 609 1390 iudicumseu
625 1348 817 1390 assessorum
835 1349 962 1400 eorum,
984 1330 1035 1391 vel
1059 1328 1201 1389 alicuius
1220 1330 1320 1410 ipson

130 1448 262 1529 quibus
282 1446 438 1508 omnibus
459 1459 491 1507 et
511 1446 649 1528 singulis
671 1466 728 1527 per
749 1459 876 1507 statuta
900 1445 1062 1528 presentia
1086 1447 1275 1527 derogatur.

222 1565 299 1636 Que
321 1563 453 1644 quidem
477 1562 623 1644 predicta
647 1562 776 1676 provisa
806 1556 904 1644 super
933 1563 1120 1624 rationibus
1143 1549 1328 1632 reddendis,

133 1679 324 1742 reformata
347 1679 472 1740 fuerint
498 1677 559 1740 hoc
583 1679 738 1740 Generali
763 1678 929 1749 Consilio,
957 1679 1076 1740 debent
1099 1679 1205 1739 eciam
1228 1679 1336 1740 t'otalit

134 1795 318 1856 reformari
341 1795 541 1857 Veronenses
564 1808 600 1862 ut
622 1794 748 1874 [in](a)
772 1808 913 1875 utraque
935 1794 1069 1855 civitate
1092 1795 1177 1855 cives
1204 1794 1328 1876 utriusq

131 1912 289 1974 civitatis
310 1912 443 1973 valeant
468 1912 595 1972 facilius
617 1912 728 1993 asequi
755 1912 804 1972 ius
825 1932 933 1974 suum.

224 2028 387 2090 Dominus
409 2028 566 2104 Albertus
580 2029 619 2089 de
635 2029 665 2088 la
682 2029 773 2090 Scala
793 2029 931 2089 Mantue
948 2043 1088 2109 potestas
1105 2031 1286 2090 secundum
1308 2049 1320 2110 r

132 2147 230 2208 dicta
253 2145 366 2207 omnia
391 2145 568 2206 reformata
591 2145 638 2220 (b)
662 2145 838 2226 proposuit·
860 2160 891 2206 et
914 2146 1014 2206 etiam
1045 2146 1237 2227 postulavit,
1260 2145 1286 2204 si
1310 2165 1320 2226 r

133 2278 191 2324 cet
214 2261 360 2343 predicta
384 2261 514 2340 provisa
538 2261 716 2323 reformare
746 2274 776 2321 et
806 2261 913 2322 valere
936 2261 1050 2322 debere
1077 2274 1107 2322 et
1131 2260 1170 2321 de
1192 2275 1299 2322 cetero

135 2379 279 2440 servari.

227 2495 390 2557 Dominus
406 2495 587 2557 Pinamons
603 2496 641 2556 de
660 2496 845 2557 Bonacolsis
861 2496 1027 2556 consuluit
1044 2496 1133 2576 quod
1148 2495 1268 2577 predict

136 2615 289 2674 visiones
306 2627 336 2674 et
363 2613 614 2674 reformationes
637 2614 669 2674 in
694 2627 803 2674 totum
827 2633 884 2694 per
907 2612 1094 2674 Commune
1113 2614 1247 2673 Mantus

137 2747 215 2794 tero
238 2730 378 2792 debeant
401 2731 567 2792 observari
590 2744 621 2792 et
645 2731 845 2793 auctoritate
857 2737 903 2805 (e)
927 2730 1084 2811 presentis
1108 2729 1241 2808 Consul

137 2847 287 2909 debeant
308 2861 340 2908 et
363 2846 483 2908 habere
513 2845 704 2909 firmitatem
735 2868 831 2928 super
861 2847 956 2909 dictis
986 2847 1173 2908 rationibus
1197 2847 1260 2907 redi

136 2983 242 3044 super
264 2962 336 3023 aliis
359 2982 536 3050 verolvero
557 2965 726 3024 consulere
750 2963 869 3023 noluit.

227 3078 391 3140 Dominus
414 3078 659 3157 Benveniultus
676 3080 713 3139 de
731 3080 908 3140 Bonebello
931 3080 1099 3140 consuluit
1124 3079 1213 3160 quod

139 3193 349 3276 provisiones
363 3207 394 3255 et
411 3195 660 3255 reformationes
682 3196 830 3276 superius
852 3196 980 3275 scripte,
1004 3215 1059 3275 per
1084 3195 1226 3255 Commu

138 3325 202 3371 tue
225 3308 264 3371 de
285 3324 393 3370 cetero
415 3309 555 3371 debeant
578 3312 743 3372 observari
768 3325 798 3372 et
823 3312 929 3372 valere
952 3312 1103 3371 debeant.

230 3425 267 3485 ln
287 3425 523 3486 reformatione
536 3425 674 3503 Consilij
687 3427 772 3486 facto
785 3427 910 3507 partito
924 3425 1165 3508 perdominum

140 3542 188 3603 ad
209 3543 404 3625 columpnas
424 3542 551 3624 palacij‚
573 3543 753 3602 secundum
779 3543 918 3602 formam
943 3544 1148 3604 Statutorurr

144 3659 297 3729 Mantue,
319 3659 444 3739 placuit
468 3658 632 3729 omnibus,
656 3659 785 3719 nemine
803 3661 835 3717 in
852 3659 1059 3719 contrarium
1083 3679 1096 3716 a

139 3773 259 3836 omnia
281 3789 312 3836 et
337 3775 466 3855 singula
490 3775 634 3856 predicta
667 3777 796 3856 provisa
819 3790 849 3836 et
875 3776 1015 3835 reforma

140 3893 213 3973 ipse
237 3893 435 3971 provisiones
457 3907 488 3954 et
513 3879 764 3954 refor'maciones
786 3909 817 3953 et
839 3894 950 3953 omnia
975 3907 1005 3952 et

142 4019 270 4067 nentur
292 4007 326 4067 in
349 4011 403 4078 eis,
425 4008 624 4069 auctoritate
648 4009 805 4089 presentis
828 4007 977 4086 Consilij,

138 4122 269 4183 caciam
292 4136 323 4184 et
346 4124 514 4185 valibilem
533 4125 726 4186 firmitatem
743 4140 773 4184 et
791 4125 857 4184 fieri
875 4139 905 4184 et
922 4145 988 4184 serv

139 4253 176 4300 et
194 4239 380 4300 executioni
396 4241 558 4302 mandari.
643 4244 683 4302 Et
710 4241 895 4302 habeantur
910 4261 988 4321 pros

144 4359 259 4422 munis
282 4361 420 4422 Mantue
441 4376 472 4421 et
489 4375 660 4440 tamquam
685 4374 809 4420 statuta
828 4360 946 4440 precisa
972 4357 988 4418 f

140 4491 256 4539 cetero
277 4477 405 4538 attendi
428 4478 567 4539 debeant
591 4493 621 4538 et
646 4480 771 4558 integre
794 4478 971 4537 observari.

200 4715 238 4771 (a)
252 4717 402 4761 L'r'nserzionc
423 4721 448 4760 di
460 4729 534 4770 querar
548 4722 631 4772 paradi
648 4720 657 4758 ἑ
673 4721 776 4760 raditum
792 4721 832 4759 dul
845 4733 906 4758 stass
951 4718 960 4771 (
