2874 4748
603 413 673 454 noc.
708 412 805 453 uxrv:
832 411 906 472 1299
1324 386 1380 446 301

1332 511 1383 519 .—

151 627 257 690 ciendi
280 642 312 688 et
335 624 506 690 exercendi
529 623 688 706 quicquid
713 623 829 686 utilius
851 637 883 684 et
906 621 1111 682 commodius
1134 621 1328 682 viderentur
1352 632 1384 679 et
1426 605 1431 615 ’

151 745 236 805 sicut
258 757 289 806 et
313 742 448 824 quondo
470 741 514 802 eis
536 740 716 804 videbitur.

235 859 398 922 Dominus
422 857 628 920 Dontal'ollus
659 857 698 920 de
728 855 878 916 Tribulis
906 855 1073 918 consuluit
1103 855 1191 934 quod
1216 873 1282 916 non
1305 853 1389 914 desi-

151 989 258 1038 stetur
281 996 298 1036 a
322 973 522 1055 requirendo
542 987 574 1034 et
599 971 745 1052 rogando
767 978 817 1046 (α)
847 970 972 1033 dictum
1004 970 1177 1032 dominum
1208 970 1383 1032 eilbertum

150 1111 249 1172 super
271 1090 424 1172 predictis
444 1103 476 1152 et
500 1108 565 1152 una
590 1091 657 1150 vice
672 1101 704 1150 et
726 1088 855 1151 duabus
874 1100 905 1148 et
928 1087 1035 1148 tribus
1056 1100 1087 1147 et
1111 1086 1262 1168 pluribus
1283 1085 1384 1147 etiam

151 1207 178 1266 si
204 1225 270 1268 non
293 1206 429 1275 cederet,
461 1204 569 1265 verbis
602 1202 738 1284 placidis
758 1216 790 1265 et
814 1202 1008 1272 humilibus,
1030 1202 1150 1281 quibus
1174 1202 1293 1264 habeat
1318 1202 1388 1264 ani-

154 1341 246 1383 mum
269 1322 439 1392 inclinare,
455 1334 485 1381 et
504 1320 545 1380 ab
567 1319 742 1380 inhonesto
765 1318 943 1399 proposito,
957 1318 983 1378 si
999 1317 1080 1399 quid
1103 1318 1213 1389 habet,
1227 1318 1388 1389 desistere,

153 1439 201 1499 ita
223 1438 323 1518 quod,
345 1437 512 1498 occasione
535 1435 680 1498 scandali
704 1435 755 1496 vel
779 1435 908 1498 hororis
923 1435 980 1510 (b),
1001 1435 1027 1496 si
1050 1434 1193 1515 denique
1215 1433 1388 1516 procedere

151 1555 338 1626 deberetur,
359 1555 455 1616 dictis
479 1552 631 1614 Dominis
655 1553 850 1614 Mantuanis
872 1571 938 1614 non
963 1550 1062 1633 possit
1085 1551 1238 1620 attribui,
1259 1550 1313 1613 sed
1336 1571 1388 1632 po·

152 1673 220 1733 tius
241 1671 424 1733 ascribatur
441 1670 530 1732 dicto
545 1669 681 1731 domino
698 1670 853 1744 Alberto;
877 1683 907 1730 et
924 1669 1011 1750 quod
1029 1688 1084 1750 per
1102 1668 1205 1730 dictos
1229 1668 1388 1730 Dominos

151 1804 185 1850 et
208 1787 360 1850 Comuoe
385 1789 521 1848 Mantue
543 1786 718 1848 studeatur
742 1786 846 1848 eidem
870 1786 1007 1848 domino
1030 1786 1170 1847 Albcrto
1192 1786 1333 1867 gratiam
1356 1800 1388 1846 et

154 1903 419 1963 benevolentiam
442 1901 574 1963 solitam
599 1898 749 1963 retinere.

238 2017 397 2106 Denique¹
418 2016 543 2097 placuit
570 2015 706 2078 domino
738 2016 926 2098 Capitaneo
950 2035 1015 2076 non
1047 2016 1174 2097 partiri,
1204 2016 1256 2078 sed
1287 2035 1389 2096 usque

154 2146 227 2214 post
252 2152 374 2194 nonam
399 2131 573 2193 consilium
597 2151 725 2212 presens
748 2131 887 2192 differre.

207 2339 243 2390 (a)
256 2339 275 2378 A
290 2337 407 2391 rogandum
462 2337 496 2391 (d)
509 2339 528 2377 Α
543 2339 638 2378 homnis

763 2555 790 2612 8.

250 2725 383 2806 Maggio
414 2745 461 2801 13,
487 2725 572 2802 dopo
597 2724 626 2784 le
644 2735 697 2785 ‘tre
721 2725 946 2803 pomeridiano.
971 2761 1015 2772 -
1036 2723 1073 2788 ‘Si
1088 2723 1186 2788 claritis
1202 2723 1234 2788 di
1250 2724 1391 2789 rrrnttdun’

152 2849 321 2917 alcandri
346 2848 421 2914 Saul
440 2849 571 2933 prasenti
594 2869 613 2910 u
637 2860 734 2934 praesto
754 2847 922 2933 Coruiglio,
947 2847 987 2912 nd
1014 2847 1149 2935 (brigita
1173 2872 1191 2914 o
1215 2851 1318 2915 ⁴rudere
1341 2851 1390 2916 clu

151 2995 224 3040 coro
248 2971 405 3036 rualuunle
429 2972 476 3034 rin
500 2982 577 3034 stato
602 2972 647 3034 ioi
664 2969 756 3056 sollu.
865 2971 963 3035 Aaou
996 2984 1091 3058 prurio
1113 2973 1339 3059 inforrrrogioui
1364 2977 1392 3039 si

155 3101 236 3165 invii
256 3119 314 3162 urin
328 3119 425 3161 nuova
443 3096 625 3160 troilus-siau
641 3096 681 3160 nd
698 3096 821 3161 Allia-u
838 3096 917 3160 della
935 3097 1034 3176 Suria,
1052 3121 1105 3162 corr
1121 3098 1215 3185 quelle
1232 3101 1392 3186 istruqioru'

154 3224 207 3290 che
226 3237 381 3311 purnurnu
401 3225 457 3309 piri
482 3235 643 3309 opportune
666 3222 698 3285 ul
725 3223 873 3308 Cupitum
897 3247 911 3286 r
934 3245 952 3287 u
983 3222 1109 3309 Tugiuo.

238 3420 281 3480 Et
304 3436 341 3478 eo
363 3417 415 3478 die
438 3432 508 3497 post
533 3437 666 3487 nonam,
696 3433 863 3497 resumpto
896 3420 1026 3499 negotio
1049 3435 1079 3480 et
1103 3421 1141 3481 de
1166 3441 1251 3482 novo
1275 3443 1393 3504 propo—

150 3538 219 3598 sito
243 3555 298 3618 per
321 3535 449 3596 dictum
472 3534 645 3595 dominum
670 3534 903 3607 Capitaneum,
927 3537 959 3594 in
990 3536 1089 3598 domo
1110 3558 1179 3609 sua,
1202 3559 1312 3600 coram
1334 3541 1387 3600 Sa·

155 3653 323 3734 pientibus
346 3650 585 3730 suprascriptis.

241 3765 403 3826 Dominus
428 3764 621 3824 llullacinus
643 3764 680 3823 de
705 3763 908 3825 Crornascliis
941 3767 1119 3837 consuluit,
1142 3769 1229 3846 quod
1264 3768 1390 3831 domini

153 3883 361 3963 Capitaneus
383 3898 414 3942 et
440 3881 589 3961 'faginus
613 3900 671 3961 pro
694 3881 834 3942 arbitrio
870 3883 1056 3954 videantur,
1090 3871 1333 3964 prosequantur·
1357 3903 1388 3948 ct

156 3998 282 4059 iaciant
299 4017 373 4058 cum
394 4016 602 4076 quacumque
619 4017 754 4076 persona
772 4013 802 4058 et
820 3999 963 4078 personis
980 4015 1011 4060 et
1029 4000 1080 4060 liic
1103 4015 1133 4061 et
1159 4002 1290 4080 ubique,
1306 4003 1391 4063 sicut

154 4113 306 4174 conditio
338 4113 539 4192 agendorum
576 4115 734 4192 requirat,
767 4116 925 4194 quicquid
959 4117 998 4176 ad
1032 4137 1145 4177 eorum
1170 4133 1200 4178 ct
1230 4119 1391 4180 Comanis·

158 4230 300 4291 Mantue
325 4230 448 4289 bonurn
472 4244 596 4290 statum
622 4231 782 4309 pertineat
807 4246 837 4291 et
862 4252 917 4311 per
940 4234 1027 4312 quod
1052 4235 1190 4294 inbono
1212 4251 1299 4296 statu
1327 4257 1393 4316 per·

155 4360 294 4408 maneat
317 4361 347 4406 et
372 4346 459 4425 quod
485 4346 517 4405 in
550 4347 704 4425 predictis
726 4363 755 4407 et
780 4348 864 4408 circa
895 4351 1038 4428 predicta
1069 4371 1161 4411 snam
1194 4351 1315 4413 iaciant
1341 4374 1395 4412 ro·
1424 4338 1425 4341 Ἴ

159 4464 337 4523 luntatem.

241 4577 389 4657 Denique
421 4579 460 4637 ad
491 4580 664 4639 consilinm
696 4581 880 4642 exhibitum
914 4603 968 4663 per
996 4584 1168 4644 dominum
1201 4586 1395 4646 lilontinum
