2858 4792
380 477 552 526 nutizlcul
576 485 635 526 Fun
659 485 787 526 VERONA
810 486 829 526 E
851 485 1003 527 unutovn

358 818 478 894 1265,
500 820 587 881 lebb.
607 839 646 899 4;
670 821 829 882 Mantova
846 827 1021 896 (estratto).

160 1007 223 1074 Nel
252 1007 408 1095 Consiglio
438 1007 574 1094 generale
601 1008 634 1074 di
657 1009 817 1091 Mantua,
849 1008 973 1075 Alberto
1000 1009 1218 1077 Caccinnemico
1237 1023 1307 1099 po-

79 1131 162 1198 desnl
184 1131 218 1197 di
241 1132 392 1198 Mantovu
417 1155 431 1196 e
450 1132 498 1219 gli
520 1135 637 1198 nomini
653 1132 700 1198 del
719 1133 874 1222 Consiglio
891 1136 1097 1200 costituisrono
1119 1137 1239 1221 inunni
1255 1135 1308 1201 del

73 1257 203 1323 Commu
230 1257 264 1322 di
290 1257 442 1323 Maruovu
464 1271 520 1344 per
552 1257 583 1322 lu
605 1259 713 1324 socienl
735 1258 784 1324 che
808 1261 836 1324 si
858 1259 927 1325 deve
949 1259 1087 1326 stabilire
1101 1258 1160 1347 fra
1186 1257 1307 1346 Obizzo

70 1378 215 1445 rnnrclrese
230 1379 351 1444 Estense
374 1361 409 1443 ed
431 1379 631 1459 Ancunitanu
657 1379 806 1445 lodovico
831 1392 912 1446 conte
934 1379 968 1445 di
996 1380 1122 1462 Verona,
1147 1382 1159 1446 i
1176 1380 1307 1469 pudestd

69 1503 102 1568 di
117 1504 251 1568 Ferrnrn
267 1526 281 1568 e
297 1508 459 1584 Mantum,
479 1526 493 1568 e
511 1503 542 1568 lu
565 1504 655 1568 Parte
678 1508 835 1570 estrinsecu
858 1505 892 1570 di
915 1505 1037 1572 Bresria
1061 1504 1101 1570 da
1124 1527 1185 1570 una
1199 1517 1304 1593 parte,

69 1628 93 1692 il
112 1628 242 1694 Comune
258 1628 291 1694 cli
314 1628 448 1709 Milano,
467 1630 479 1692 i
503 1628 596 1693 Delia
619 1627 721 1710 Turre,
740 1631 899 1717 Bergnmo,
924 1628 1014 1710 Ludi,
1042 1629 1145 1710 Como,
1170 1630 1305 1696 Novum

68 1752 146 1819 dnll’
158 1753 251 1822 altra.

150 2004 231 2067 Item
253 2005 292 2066 de
315 2004 538 2078 Mediolano(
564 2011 585 2078 ).

147 2192 336 2254 Sindicatus
359 2192 556 2254 Communis
574 2193 711 2254 Mantue
725 2212 822 2274 super
844 2194 1017 2256 concordia
1034 2195 1119 2256 facta
1142 2214 1217 2257 cum
1234 2197 1302 2258 Me-

66 2307 201 2370 diolani.

149 2424 185 2486 ln
207 2424 342 2506 publico
357 2441 387 2486 et
407 2424 551 2506 generali
576 2422 725 2486 Consilio
741 2423 938 2486 Communis
954 2426 1102 2498 Mantue,
1114 2427 1154 2488 ad
1176 2447 1297 2490 sonum

64 2560 223 2622 campane
244 2561 340 2623 super
364 2541 490 2622 palacio
512 2541 614 2602 veteri
637 2543 822 2601 communis
839 2541 977 2601 Mantue
1000 2559 1089 2602 more
1103 2541 1201 2603 solito
1223 2561 1300 2604 con·

65 2671 209 2739 gregato.
275 2657 433 2718 Albertus
446 2656 642 2718 Cacinimici
656 2656 862 2718 honorabilis
874 2670 1016 2739 potestas
1029 2657 1167 2719 Mantue
1179 2672 1211 2720 et
1228 2658 1299 2720 Ho-

65 2774 168 2834 mines
183 2773 222 2833 de
237 2772 306 2853 ipso
323 2771 470 2833 Consilio
485 2773 740 2834 constituiscono
755 2773 962 2834 Andreolum
985 2773 1154 2853 quondam
1167 2773 1296 2836 domini

67 2890 242 2950 Mantuani
268 2888 405 2950 Gataldi
427 2892 498 2951 loro
522 2890 642 2970 nuntio
664 2908 680 2950 e
696 2899 921 2969 procuratore
950 2908 970 2948 a
994 2899 1135 2950 trattare
1157 2907 1173 2950 e
1194 2889 1298 2950 stabi-

63 3005 137 3076 lire,
161 3005 300 3066 secondo
321 3007 373 3086 gli
394 3006 512 3066 inserti
533 3006 678 3086 capitoli,
702 3024 765 3084 que
787 3003 932 3084 capitula
948 3019 1025 3066 sunt
1047 3003 1177 3066 firmata
1201 3017 1232 3065 et
1248 3005 1298 3066 iu-

65 3134 135 3181 rata
153 3141 208 3200 per
227 3121 369 3182 illustres
385 3135 415 3182 et
431 3123 571 3182 excelsos
594 3121 682 3182 viros
698 3121 850 3181 dominos
872 3119 1098 3181 marchionem
1123 3120 1295 3182 Estensem

63 3251 94 3297 et
118 3237 369 3297 Anconitanum
394 3237 567 3297 dominum
592 3237 782 3314 Obieonem,
799 3251 829 3298 et
848 3236 1041 3316 Lodoycum
1057 3235 1211 3296 comitem
1236 3235 1296 3298 Ve-

64 3373 142 3415 rone
164 3364 195 3415 et
218 3367 393 3433 potestates
407 3353 555 3414 Ferrarie
568 3369 598 3414 et
616 3354 753 3414 Mantue
767 3366 799 3414 et
815 3366 919 3414 certos
935 3352 1104 3433 Sapientes
1127 3351 1293 3412 dictorum

63 3469 302 3531 Communium
327 3470 361 3530 in
385 3484 543 3550 perpetuo
572 3469 771 3530 attendenda
795 3483 826 3530 ot
849 3468 1066 3540 observanda,
1089 3481 1148 3528 etc.
1170 3469 1220 3528 La
1246 3487 1294 3529 so

61 3586 144 3648 cietd
167 3589 197 3647 si
218 3589 349 3668 stringe
372 3598 424 3646 tra
449 3589 473 3646 il
499 3587 640 3648 Commta
670 3587 704 3646 di
732 3587 874 3657 Milano,
898 3586 910 3645 i
931 3586 1027 3645 Della
1066 3585 1183 3654 Turre,
1211 3584 1295 3644 Ber-

60 3725 173 3785 gnnm,
197 3704 291 3775 Lorii,
320 3705 430 3780 Contu,
454 3704 592 3763 Nonnrn
617 3703 658 3761 dn
683 3722 748 3761 tina
775 3713 875 3782 purte
897 3720 913 3761 e
936 3701 1120 3760 dull'nltra
1149 3699 1295 3761 illustres

62 3822 149 3880 viros
164 3821 314 3881 dominos
327 3819 552 3880 marchionem
577 3819 742 3878 Estensem
763 3833 792 3878 et
809 3818 1072 3886 Anconitanum,
1089 3831 1119 3876 et
1136 3814 1291 3876 comitem

64 3937 190 3982 varano
214 3949 242 3982 nt
258 3936 443 3982 (mmmmm
463 3935 599 3982 lllnttttw
615 3948 645 3982 nt
663 3933 848 3982 stimonium?
873 3933 1021 3983 Ferraria
1038 3946 1068 3982 et
1086 3931 1217 3984 Dantem
1235 3951 1291 3982 fx·-
