2850 4776
582 409 584 414 Ι
638 451 707 492 noc..
731 451 805 491 rixi:
833 431 906 510 1293
1322 437 1381 511 259

233 661 268 720 in
293 658 418 720 Christi
438 661 581 721 nomine.
646 661 705 722 Die
726 659 880 740 mercurij
898 661 1055 743 vigesimo
1071 662 1159 742 maij,
1176 667 1381 744 presentibus

150 777 292 838 dominis
308 777 412 838 Sadeo
430 777 536 838 iudice
559 777 598 839 de
620 777 834 860 Pigognagia,
857 777 1027 838 Coradino
1042 779 1080 840 de
1101 779 1269 861 Goncaga,
1292 782 1379 844 Lan-

149 894 257 964 caloto
271 894 310 954 de
323 893 530 974 Cacadragi5‚
548 894 725 955 Domafolo
741 894 779 955 de
798 894 959 966 Tribulis,
976 895 1074 969 Petro
1096 896 1134 957 de
1157 897 1333 978 Caprianis
1348 914 1380 961 et

148 1009 174 1068 F
178 1009 304 1090 rogerio
316 1011 449 1070 notario
464 1010 501 1072 de
518 1010 692 1092 Frogeriis,
705 1011 852 1072 testibus.
919 1011 1056 1072 Publico
1069 1027 1099 1072 et
1112 1014 1255 1094 generali
1269 1014 1380 1077 Consi·

148 1128 193 1189 lio
216 1127 376 1191 Comunis
399 1130 548 1201 Mantue,
570 1129 610 1190 ad
632 1149 751 1190 sonum
774 1149 933 1211 campane
955 1143 986 1190 et
1007 1150 1083 1192 voce
1108 1132 1266 1211 preconis,
1281 1152 1378 1200 suneu

147 1246 273 1326 palatio
295 1245 397 1307 veteri
430 1245 591 1312 Comunis
615 1247 753 1307 Mantue
776 1265 865 1306 more
897 1245 994 1308 solito
1017 1262 1231 1327 congregato.

146 1361 211 1421 viri
230 1361 357 1422 domini
380 1361 518 1422 Ziliolus
534 1362 572 1423 de
596 1361 783 1422 Macaruffis
806 1362 845 1423 de
868 1361 993 1433 Padua,
1016 1377 1167 1441 potestas
1190 1379 1220 1424 et

145 1478 244 1538 ionus
259 1478 297 1539 de
313 1478 511 1550 BonaeolsiS,
533 1479 725 1560 capitaneus
748 1494 926 1560 perpetuus
948 1481 1092 1540 civitatis
1108 1494 1139 1540 et
1155 1480 1268 1542 distric

146 1595 309 1657 Comunis
331 1597 478 1668 Mantue,
512 1597 687 1659 uoluntate
708 1611 740 1658 et
763 1616 921 1658 consensu
945 1597 1023 1658 dicti
1053 1597 1140 1659 Cons

147 1714 337 1776 Consilium
354 1715 557 1785 universum,
573 1716 772 1776 auctoritate
788 1715 954 1775 dictorum
971 1715 1183 1776 dominorum
1199 1716 1260 1776 Pot

143 1845 177 1892 et
196 1830 383 1912 Capitanei‚
405 1832 650 1892 constituerunt
668 1846 698 1892 et
721 1831 964 1892 ordinaverunt
989 1832 1097 1891 virum
1122 1833 1298 1912 providum

145 1944 276 2006 minum
300 1944 528 2026 Cacadragum
552 1947 590 2005 de
614 1945 821 2026 Cacadragis,
844 1946 947 2005 civem
973 1945 1119 2016 Mantue,
1143 1959 1316 2025 presenten

142 2061 386 2142 suscipientem,
401 2081 515 2123 eorum
532 2077 563 2123 et
577 2062 739 2122 Comanis
761 2077 791 2123 et
809 2062 1042 2122 Universitatis
1060 2063 1197 2122 Mantue
1212 2063 1360 2123 sindicus

142 2192 271 2239 certum
295 2192 544 2259 procuratorem
568 2195 599 2240 et
624 2181 783 2239 nuncium
815 2180 855 2239 ad
879 2179 1097 2250 inovandum,
1125 2179 1264 2240 reforma

142 2311 176 2358 et
199 2298 301 2358 eciam
324 2298 362 2358 de
387 2317 473 2358 novo
490 2297 688 2367 faciendum,
711 2298 895 2359 ineundum
913 2303 962 2370 (a)
984 2312 1014 2357 et
1031 2297 1272 2357 contrahendur

142 2433 214 2474 cem
237 2428 268 2475 et
290 2415 499 2475 concordiam
517 2434 591 2475 cum
610 2415 784 2485 potestate,
803 2415 997 2493 Capitane0‚
1021 2413 1165 2474 Comani
1182 2427 1213 2474 et
1232 2414 1258 2474 U

141 2532 243 2592 sitate
256 2532 394 2602 Verone‚
413 2546 443 2593 et
459 2532 557 2592 etiam
575 2532 700 2592 sindico
716 2533 917 2600 eorumdem,
933 2547 964 2592 et
982 2533 1020 2592 aei
1042 2531 1238 2602 iaciendum,

142 2648 224 2708 dum
247 2663 278 2708 et
300 2647 565 2708 contrahendum
589 2649 776 2708 societatem
800 2649 856 2721 (b),
881 2649 1048 2716 unionem,
1072 2646 1252 2707 confede‘*

140 2779 243 2844 atque
267 2764 510 2826 fraternitatem
533 2785 607 2824 cum
633 2766 800 2825 nobilibus
822 2781 921 2844 atque
943 2764 1108 2825 munificis
1130 2764 1208 2824 viris

141 2879 240 2940 Varro
261 2880 299 2941 de
324 2880 498 2940 Ubaldinis
521 2881 558 2940 de
583 2881 736 2952 Caste110,
759 2895 930 2960 potestate,
950 2882 1088 2941 :ilberto
1111 2881 1149 2940 eie
1173 2881 1202 2939 la

141 2996 378 3058 Bartholameo
401 2997 468 3057 eius
492 2997 569 3067 tilio,
586 2999 765 3077 capitaneis
784 2999 991 3076 generalibus
1016 2998 1133 3076 Popu¹³
1158 3011 1187 3032 ἡ*

141 3114 272 3175 Verone
294 3129 325 3176 et
347 3135 422 3174 cum
447 3115 591 3175 Comani
615 3130 646 3174 et
672 3116 895 3175 [nirersitate
920 3115 1047 3174 Verone
1064 3135 1099 3174 ac

137 3231 320 3293 eorundem
344 3246 374 3291 et
399 3232 497 3292 etiam
521 3252 595 3292 cum
620 3232 755 3292 domino
786 3233 922 3292 Nicoiao
946 3234 983 3291 rie
1007 3234 1035 3291 ia
1061 3234 1099 3292 Sc

137 3361 269 3410 tractus
290 3349 453 3428 quoslibet
476 3349 686 3409 celebrandos
709 3357 753 3423 (c)
775 3365 805 3409 et
830 3350 869 3409 aei
893 3362 999 3428 pacta,

139 3465 318 3536 missiones
331 3466 550 3544 obligaciones
574 3467 673 3526 reales
687 3480 717 3526 et
735 3466 927 3544 personales,
943 3486 1004 3524 cun

138 3595 241 3660 atque
265 3582 530 3642 renunciationes
552 3585 787 3660 cuiuscumque
811 3584 936 3660 perieris
954 3580 1001 3639 iac

136 3698 232 3767 dum,
254 3711 284 3757 et
308 3699 348 3757 ad
373 3697 550 3757 iurandum
575 3713 605 3757 et
629 3713 832 3758 sacramenta
867 3717 900 3756 cr

136 3814 270 3874 stadum
294 3829 325 3875 et
348 3815 570 3895 recipientium
597 3817 628 3875 in
654 3816 793 3891 ianimas

138 3931 327 4002 PotestatiS,
344 3931 530 4012 Capitanci‚
544 3933 706 3991 (Inmunis
722 3949 752 3991 et
777 3933 793 3991 i

136 4046 216 4096 liter
238 4047 336 4096 etiam
362 4048 399 4096 nri
425 4048 534 4096 ornnisr
562 4049 622 4096 :rii-r
649 4063 676 4096 vr
702 4050 793 4094 cinon
