2850 4776
102 409 160 468 230
403 429 572 470 tar-:marom
599 431 657 470 uni
681 431 808 472 vnnour
833 433 851 471 n
875 431 1030 474 usutovr

99 639 178 711 dice,
203 639 346 702 Mastino
379 657 447 704 not.
470 640 509 702 de
532 641 661 719 Mauro,
695 641 870 703 Francisco
892 649 941 717 (α)
965 659 1033 704 not.
1066 643 1104 704 de
1128 644 1331 725 Malcapuea,

100 755 255 817 Galvano
278 768 346 818 not.
369 757 407 819 de
429 755 624 828 Parasacha‚
649 756 780 818 Bonora
803 758 850 832 (b)
874 772 942 820 not.
963 758 1003 819 de
1024 773 1136 820 sancta
1160 759 1276 832 Cruce,
1298 775 1329 822 et

99 871 155 952 alij
172 873 294 934 multis.
380 872 417 933 ln
434 873 551 933 maiori
563 886 594 933 et
610 871 753 952 generali
778 870 926 934 Consilio
947 873 1093 935 civitatis
1108 874 1133 934 F
1136 875 1240 936 erarie
1254 895 1330 936 con-

99 1001 232 1070 gregato
253 1009 349 1070 super
373 988 501 1070 palacio
523 988 686 1049 Comunis
715 987 800 1049 dicte
827 989 982 1061 civitatis,
1014 1009 1095 1051 sono
1116 1010 1275 1072 campane
1297 1005 1328 1053 et

100 1124 177 1165 voce
200 1105 364 1185 preconia,
387 1117 423 1164 ut
447 1106 547 1165 moris
568 1118 625 1174 est,
645 1123 720 1164 cum
744 1103 806 1164 due
829 1119 936 1186 partes
962 1105 1227 1168 consiliariorum
1250 1107 1329 1168 dicti

101 1218 237 1300 Consilij
267 1221 413 1281 adessent
436 1232 467 1281 et
490 1220 685 1300 plusquam
708 1219 781 1290 due,
804 1220 961 1280 discretus
990 1220 1040 1281 vir
1064 1235 1096 1283 et
1126 1221 1254 1301 sapiens
1275 1221 1330 1282 do-

101 1336 211 1396 minus
233 1335 405 1396 Franchus
426 1341 464 1396 de
488 1335 589 1396 Prato
612 1336 650 1396 de
667 1334 780 1396 Padua
803 1335 899 1396 iudex
918 1349 948 1396 et
966 1336 1108 1396 vicarius
1131 1335 1250 1397 nobilis
1266 1337 1329 1398 viri

101 1453 220 1513 nobilis
243 1452 389 1532 Marxilij
413 1459 458 1526 (c)
480 1453 518 1513 de
541 1451 679 1514 Cararia
708 1454 878 1533 potestatis
906 1453 992 1514 dicte
1021 1453 1167 1514 civitatis
1189 1452 1330 1524 Ferarie,

100 1589 173 1630 cum
198 1569 398 1630 auctoritate
420 1582 450 1629 et
475 1570 648 1630 voluntate
672 1568 772 1649 ipsius
795 1567 932 1647 Consilij
957 1581 987 1629 et
1011 1570 1117 1648 ipsum
1134 1569 1330 1640 Consilium,

100 1704 176 1746 cum
199 1685 398 1745 auctoritate
420 1699 452 1745 et
474 1684 649 1744 voluntate
669 1683 747 1744 dicti
763 1683 887 1762 vicarij,
905 1683 1062 1754 fecerunt,
1083 1683 1329 1746 constituerunt

98 1814 130 1862 et
153 1799 395 1861 ordinaverunt
417 1799 572 1861 discretos
587 1799 674 1859 viros
690 1799 842 1859 dominos
866 1799 1109 1862 Bonmatheum
1134 1799 1275 1861 iudicem
1297 1813 1329 1862 et

101 1915 243 1977 Paulum
265 1916 305 1978 de
327 1915 451 1996 Cospis‚
472 1916 557 1977 cives
579 1915 720 1986 Ferarie‚
742 1936 816 1977 suos
838 1931 868 1977 et
892 1916 971 1978 dicti
1005 1914 1166 1978 Comunis
1197 1916 1329 1978 Ferarie

99 2031 240 2093 sindicos
260 2045 291 2093 et
315 2032 453 2092 nuncios
474 2031 625 2112 speciales
646 2046 677 2093 et
700 2032 881 2110 quemlibet
904 2052 1017 2093 eorum
1042 2033 1074 2093 in
1097 2032 1237 2093 solidum
1262 2052 1330 2113 pre·

99 2163 204 2210 sentes
220 2163 252 2211 et
275 2149 380 2230 ipsum
405 2149 601 2210 mandatum
625 2163 741 2230 sponte
769 2149 979 2230 suscipientes
1007 2148 1046 2209 ad
1069 2148 1328 2230 comparendum

99 2286 209 2327 coram
233 2265 408 2346 magnifico
431 2266 503 2325 viro
526 2265 661 2326 domino
691 2265 829 2326 Alberto
852 2265 890 2326 dc
913 2265 942 2325 la
966 2264 1069 2335 Scala,
1093 2265 1206 2346 populi
1230 2263 1330 2325 Vero-

100 2381 206 2443 nensis
228 2382 401 2462 capitaneo
422 2382 576 2462 generali,
599 2383 687 2442 etad
710 2381 984 2443 consencieudum
1007 2394 1038 2441 et
1062 2381 1330 2462 compromitten-

98 2501 178 2561 dum
202 2500 236 2560 in
259 2520 333 2561 eum
358 2514 529 2581 tamquam
560 2501 592 2560 in
624 2501 789 2561 arbitrum
813 2515 843 2562 et
867 2500 1100 2561 arbitratorem
1130 2514 1161 2561 et
1184 2500 1328 2560 amicum

98 2636 283 2687 comunem,
307 2637 373 2677 una
406 2636 480 2678 cum
505 2631 728 2697 procuratore,
761 2616 896 2686 sindico³
929 2630 1039 2677 actore
1062 2629 1092 2676 et
1119 2617 1243 2676 nuncio
1263 2635 1331 2695 spe·

101 2732 197 2802 ciali,
227 2732 393 2812 magnifici
425 2732 486 2792 viri
513 2732 639 2793 domini
664 2733 872 2792 Pinamoutis
901 2733 939 2792 de
970 2733 1163 2802 Bonacosis‚
1186 2732 1331 2793 civitatis

100 2849 238 2910 Mantue
259 2849 423 2928 capitanei
454 2849 623 2928 generalis,
647 2863 677 2909 et
703 2848 864 2909 Comunis
888 2848 1037 2919 Mantue,
1062 2848 1195 2909 nomine
1216 2867 1275 2908 suo
1298 2863 1329 2909 et

97 2985 232 3026 suorum
256 2979 286 3025 et
311 2964 471 3025 Comunis
496 2966 634 3026 llantue
650 2979 680 3025 et
696 2966 919 3026 subiectorum
942 2965 1001 3025 sibi
1026 2966 1074 3024 vel
1098 2965 1196 3024 alicui
1213 2963 1267 3041 alii
1290 2965 1330 3025 de

98 3081 231 3141 civitate
245 3081 294 3140 vel
308 3081 494 3160 episcopatu
511 3082 659 3150 llantue,
671 3081 709 3141 cle
725 3081 879 3141 omnibus
904 3081 1026 3150 litibus,
1045 3079 1329 3149 contencionibus,

97 3194 223 3274 guerris
245 3209 275 3254 et
299 3194 439 3272 iniurijs,
455 3215 517 3275 que
533 3209 609 3256 suut
628 3197 677 3255 rel
702 3208 835 3255 actenus
850 3195 899 3268 (d)
924 3195 1058 3256 luerunt
1076 3194 1161 3254 iuter
1178 3192 1329 3253 Comune

99 3312 230 3372 Ferarie
252 3333 288 3372 ex
315 3333 380 3373 unu
402 3327 503 3393 parte,
533 3327 563 3373 et
594 3311 719 3372 dictum
750 3311 922 3371 dominum
948 3312 1179 3372 Piuamoutem
1203 3323 1233 3371 et
1255 3329 1330 3370 suos

97 3443 129 3489 et
151 3429 313 3489 subiectos
335 3429 395 3488 sibi
420 3431 468 3489 vel
493 3429 590 3488 alicui
621 3427 675 3506 alij
701 3428 739 3488 de
761 3427 895 3488 eir-itate
919 3442 949 3488 et
972 3428 1160 3507 episcopatu
1191 3426 1329 3486 Mantue

98 3558 128 3603 et
148 3558 253 3605 castra
277 3557 307 3604 et
331 3544 400 3604 loca
418 3543 563 3604 subiecta
581 3543 668 3603 dicto
691 3543 827 3603 domino
850 3542 1053 3610 Pinamonti,
1077 3541 1126 3600 vel
1151 3539 1248 3600 alicui
1272 3539 1328 3599 alii

97 3659 293 3720 decivitate
317 3662 365 3720 vel
389 3661 577 3739 episcopatu
614 3660 761 3728 llantue,
795 3679 854 3738 pro
886 3658 1006 3738 quibus
1039 3657 1260 3736 promiserunt
1291 3655 1329 3716 de

99 3790 181 3844 rato,
204 3791 234 3835 et
257 3776 382 3837 dictum
401 3773 552 3837 Comune
575 3776 713 3836 Mantue
729 3796 765 3835 ex
784 3775 903 3846 altera;
927 3789 957 3834 ct
982 3775 1020 3834 ad
1044 3773 1191 3833 dandum
1210 3786 1240 3833 et
1256 3791 1329 3832 con·

97 3890 276 3953 cedendum
301 3891 404 3952 eidem
428 3891 563 3952 domino
586 3892 723 3952 Alberto
747 3891 882 3951 liberam
907 3904 1097 3970 potestatem
1119 3889 1151 3948 iu
1175 3888 1331 3949 omnibus

97 4007 292 4088 supradictis
314 4022 345 4067 et
368 4007 534 4066 occasione
551 4007 695 4085 ipsorum
721 4007 917 4076 arbitrandi,
941 4004 1184 4084 pronunciandi
1207 4019 1237 4064 et
1261 4002 1331 4064 dili·

99 4124 209 4185 niencli
244 4126 552 4203 quomodocumque
587 4139 617 4184 et
641 4125 929 4203 qualitercumque
951 4123 1011 4182 sibi
1040 4121 1210 4202 placuerit,
1231 4122 1330 4180 semel

97 4256 127 4302 et
152 4241 283 4322 pluries,
307 4240 358 4299 die
382 4242 499 4300 l'eriato
522 4256 551 4300 et
577 4260 641 4300 non
677 4241 803 4311 feriato,
834 4241 984 4321 partibus
1014 4239 1123 4298 citatis
1145 4252 1175 4298 et
1199 4256 1263 4297 non
1288 4238 1333 4297 ci-

97 4359 174 4402 rotic
209 4359 426 4403 nroeeonrilsnc·
449 4371 479 4402 ot
504 4358 693 4402 erlwontllsrre
727 4357 807 4402 r'rrrr'e
830 4357 944 4402 nrrllrrn
966 4371 1095 4402 corvum
1122 4369 1152 4402 pl*
1178 4373 1241 4402 nnn
1266 4373 1332 4402 ser.
