<?xml version="1.0" encoding="UTF-8"?>
<!DOCTYPE html PUBLIC "-//W3C//DTD XHTML 1.0 Transitional//EN"
    "http://www.w3.org/TR/xhtml1/DTD/xhtml1-transitional.dtd">
<html xmlns="http://www.w3.org/1999/xhtml" xml:lang="en" lang="en">
 <head>
  <title>
</title>
<meta http-equiv="Content-Type" content="text/html;charset=utf-8" />
  <meta name='ocr-system' content='tesseract 3.04.00' />
  <meta name='ocr-capabilities' content='ocr_page ocr_carea ocr_par ocr_line ocrx_word'/>
</head>
<body>
  <div class='ocr_page' id='page_1' title='image "./documentiperlas00cipogoog/documentiperlas00cipogoog_0392.png"; bbox 0 0 2874 4748; ppageno 0'>
   <div class='ocr_carea' id='block_1_1' title="bbox 56 467 979 527">
    <p class='ocr_par' dir='ltr' id='par_1_1' title="bbox 56 467 979 527">
     <span class='ocr_line' id='line_1_1' title="bbox 56 467 979 527; baseline 0 -1"><span class='ocrx_word' id='word_1_1' title='bbox 56 467 112 527; x_wconf 73' lang='lat'>368</span> <span class='ocrx_word' id='word_1_2' title='bbox 358 485 525 526; x_wconf 74' lang='lat' dir='ltr'>nnrlzrosr</span> <span class='ocrx_word' id='word_1_3' title='bbox 551 487 609 526; x_wconf 73' lang='lat' dir='ltr'>rna</span> <span class='ocrx_word' id='word_1_4' title='bbox 633 480 761 526; x_wconf 77' lang='lat' dir='ltr'>varona</span> <span class='ocrx_word' id='word_1_5' title='bbox 786 487 804 526; x_wconf 75' lang='lat' dir='ltr'>a</span> <span class='ocrx_word' id='word_1_6' title='bbox 827 486 979 527; x_wconf 74' lang='lat' dir='ltr'>naurova</span> 
     </span>
    </p>
   </div>
   <div class='ocr_carea' id='block_1_2' title="bbox 55 696 1283 786">
    <p class='ocr_par' dir='ltr' id='par_1_2' title="bbox 55 696 1283 786">
     <span class='ocr_line' id='line_1_2' title="bbox 55 696 1283 786; baseline -0.001 -27"><span class='ocrx_word' id='word_1_7' title='bbox 55 698 144 786; x_wconf 86' lang='lat' dir='ltr'>rardi</span> <span class='ocrx_word' id='word_1_8' title='bbox 167 696 205 757; x_wconf 89' lang='lat' dir='ltr'>de</span> <span class='ocrx_word' id='word_1_9' title='bbox 228 696 365 758; x_wconf 90' lang='lat' dir='ltr'>Castelis</span> <span class='ocrx_word' id='word_1_10' title='bbox 387 696 425 756; x_wconf 93' lang='lat' dir='ltr'>de</span> <span class='ocrx_word' id='word_1_11' title='bbox 448 697 598 759; x_wconf 88' lang='lat' dir='ltr'>Tervisio</span> <span class='ocrx_word' id='word_1_12' title='bbox 621 698 791 777; x_wconf 86' lang='lat' dir='ltr'>potestatis</span> <span class='ocrx_word' id='word_1_13' title='bbox 815 698 964 766; x_wconf 89' lang='lat' dir='ltr'>Mantue,</span> <span class='ocrx_word' id='word_1_14' title='bbox 981 697 1021 757; x_wconf 91' lang='lat' dir='ltr'>ad</span> <span class='ocrx_word' id='word_1_15' title='bbox 1040 698 1204 760; x_wconf 90' lang='lat' dir='ltr'>banchum</span> <span class='ocrx_word' id='word_1_16' title='bbox 1224 697 1283 758; x_wconf 89' lang='lat' dir='ltr'>Pa·</span> 
     </span>
    </p>
   </div>
   <div class='ocr_carea' id='block_1_3' title="bbox 54 812 1283 922">
    <p class='ocr_par' dir='ltr' id='par_1_3' title="bbox 54 812 1283 922">
     <span class='ocr_line' id='line_1_3' title="bbox 54 812 1283 922; baseline -0.001 -46"><span class='ocrx_word' id='word_1_17' title='bbox 54 815 163 894; x_wconf 79' lang='lat' dir='ltr'>radisij</span> <span class='ocrx_word' id='word_1_18' title='bbox 189 833 248 895; x_wconf 92' lang='lat' dir='ltr'>pro</span> <span class='ocrx_word' id='word_1_19' title='bbox 270 812 415 874; x_wconf 90' lang='lat' dir='ltr'>Comuni</span> <span class='ocrx_word' id='word_1_20' title='bbox 441 814 578 889; x_wconf 87' lang='lat' dir='ltr'>Mantue</span> <span class='ocrx_word' id='word_1_21' title='bbox 600 814 811 884; x_wconf 89' lang='lat' dir='ltr'>constitutus,</span> <span class='ocrx_word' id='word_1_22' title='bbox 824 827 855 922; x_wconf 76' lang='lat' dir='ltr'>et</span> <span class='ocrx_word' id='word_1_23' title='bbox 879 813 1024 875; x_wconf 88' lang='lat' dir='ltr'>Parisius</span> <span class='ocrx_word' id='word_1_24' title='bbox 1046 815 1084 877; x_wconf 90' lang='lat' dir='ltr'>de</span> <span class='ocrx_word' id='word_1_25' title='bbox 1107 816 1283 898; x_wconf 88' lang='lat' dir='ltr'>Gaymaris</span> 
     </span>
    </p>
   </div>
   <div class='ocr_carea' id='block_1_4' title="bbox 47 930 1313 4374">
    <p class='ocr_par' dir='ltr' id='par_1_4' title="bbox 47 930 1313 4374">
     <span class='ocr_line' id='line_1_4' title="bbox 52 930 1281 1002; baseline 0 -9"><span class='ocrx_word' id='word_1_26' title='bbox 52 933 92 993; x_wconf 88' lang='lat' dir='ltr'>de</span> <span class='ocrx_word' id='word_1_27' title='bbox 116 933 266 1002; x_wconf 84' lang='lat' dir='ltr'>Mantua,</span> <span class='ocrx_word' id='word_1_28' title='bbox 286 930 382 993; x_wconf 88' lang='lat' dir='ltr'>iudex</span> <span class='ocrx_word' id='word_1_29' title='bbox 405 944 436 993; x_wconf 86' lang='lat' dir='ltr'>et</span> <span class='ocrx_word' id='word_1_30' title='bbox 460 932 587 993; x_wconf 89' lang='lat' dir='ltr'>iusticie</span> <span class='ocrx_word' id='word_1_31' title='bbox 617 932 756 993; x_wconf 87' lang='lat' dir='ltr'>Mantue</span> <span class='ocrx_word' id='word_1_32' title='bbox 785 933 897 993; x_wconf 88' lang='lat' dir='ltr'>consul</span> <span class='ocrx_word' id='word_1_33' title='bbox 921 931 962 991; x_wconf 92' lang='lat' dir='ltr'>ad</span> <span class='ocrx_word' id='word_1_34' title='bbox 986 933 1154 994; x_wconf 89' lang='lat' dir='ltr'>banchum</span> <span class='ocrx_word' id='word_1_35' title='bbox 1177 934 1281 995; x_wconf 88' lang='lat' dir='ltr'>sancti</span> 
     </span>
     <span class='ocr_line' id='line_1_5' title="bbox 53 1046 1284 1117; baseline 0.002 -10"><span class='ocrx_word' id='word_1_36' title='bbox 53 1046 203 1117; x_wconf 89' lang='lat' dir='ltr'>Martini,</span> <span class='ocrx_word' id='word_1_37' title='bbox 225 1060 451 1106; x_wconf 89' lang='lat' dir='ltr'>concesserunt</span> <span class='ocrx_word' id='word_1_38' title='bbox 475 1060 505 1107; x_wconf 90' lang='lat' dir='ltr'>et</span> <span class='ocrx_word' id='word_1_39' title='bbox 528 1066 620 1108; x_wconf 89' lang='lat' dir='ltr'>suam</span> <span class='ocrx_word' id='word_1_40' title='bbox 652 1047 838 1109; x_wconf 85' lang='lat' dir='ltr'>iudicialem</span> <span class='ocrx_word' id='word_1_41' title='bbox 864 1048 1098 1109; x_wconf 87' lang='lat' dir='ltr'>auctoritatem</span> <span class='ocrx_word' id='word_1_42' title='bbox 1123 1063 1154 1110; x_wconf 90' lang='lat' dir='ltr'>et</span> <span class='ocrx_word' id='word_1_43' title='bbox 1176 1049 1284 1110; x_wconf 91' lang='lat' dir='ltr'>decre-</span> 
     </span>
     <span class='ocr_line' id='line_1_6' title="bbox 52 1161 1282 1244; baseline 0.003 -22"><span class='ocrx_word' id='word_1_44' title='bbox 52 1175 122 1223; x_wconf 94' lang='lat' dir='ltr'>tum</span> <span class='ocrx_word' id='word_1_45' title='bbox 147 1161 429 1242; x_wconf 91' lang='lat' dir='ltr'>interposuerunt,</span> <span class='ocrx_word' id='word_1_46' title='bbox 445 1176 544 1243; x_wconf 91' lang='lat' dir='ltr'>atque</span> <span class='ocrx_word' id='word_1_47' title='bbox 561 1163 795 1244; x_wconf 89' lang='lat' dir='ltr'>impenderunt</span> <span class='ocrx_word' id='word_1_48' title='bbox 820 1163 1011 1224; x_wconf 85' lang='lat' dir='ltr'>Rolandino</span> <span class='ocrx_word' id='word_1_49' title='bbox 1024 1164 1063 1225; x_wconf 90' lang='lat' dir='ltr'>de</span> <span class='ocrx_word' id='word_1_50' title='bbox 1081 1164 1282 1227; x_wconf 88' lang='lat' dir='ltr'>Bertholono</span> 
     </span>
     <span class='ocr_line' id='line_1_7' title="bbox 53 1278 1282 1360; baseline 0.002 -21"><span class='ocrx_word' id='word_1_51' title='bbox 53 1278 215 1359; x_wconf 88' lang='lat' dir='ltr'>imperiali</span> <span class='ocrx_word' id='word_1_52' title='bbox 239 1279 438 1340; x_wconf 88' lang='lat' dir='ltr'>auctoritate</span> <span class='ocrx_word' id='word_1_53' title='bbox 462 1279 593 1340; x_wconf 89' lang='lat' dir='ltr'>notario</span> <span class='ocrx_word' id='word_1_54' title='bbox 613 1279 754 1359; x_wconf 89' lang='lat' dir='ltr'>public0,</span> <span class='ocrx_word' id='word_1_55' title='bbox 771 1279 816 1339; x_wconf 91' lang='lat' dir='ltr'>ibi</span> <span class='ocrx_word' id='word_1_56' title='bbox 836 1279 989 1359; x_wconf 82' lang='lat' dir='ltr'>presenti,</span> <span class='ocrx_word' id='word_1_57' title='bbox 1007 1280 1096 1360; x_wconf 90' lang='lat' dir='ltr'>quod</span> <span class='ocrx_word' id='word_1_58' title='bbox 1119 1280 1203 1342; x_wconf 90' lang='lat' dir='ltr'>idem</span> <span class='ocrx_word' id='word_1_59' title='bbox 1222 1280 1282 1341; x_wconf 87' lang='lat' dir='ltr'>Ro·</span> 
     </span>
     <span class='ocr_line' id='line_1_8' title="bbox 53 1394 1283 1476; baseline 0.001 -22"><span class='ocrx_word' id='word_1_60' title='bbox 53 1395 210 1456; x_wconf 87' lang='lat' dir='ltr'>landinus</span> <span class='ocrx_word' id='word_1_61' title='bbox 233 1395 381 1454; x_wconf 89' lang='lat' dir='ltr'>notarius</span> <span class='ocrx_word' id='word_1_62' title='bbox 403 1394 543 1475; x_wconf 91' lang='lat' dir='ltr'>quedam</span> <span class='ocrx_word' id='word_1_63' title='bbox 571 1395 716 1476; x_wconf 89' lang='lat' dir='ltr'>capitula</span> <span class='ocrx_word' id='word_1_64' title='bbox 747 1416 784 1455; x_wconf 84' lang='lat' dir='ltr'>ex</span> <span class='ocrx_word' id='word_1_65' title='bbox 812 1395 981 1456; x_wconf 89' lang='lat' dir='ltr'>autentico</span> <span class='ocrx_word' id='word_1_66' title='bbox 1004 1394 1204 1467; x_wconf 87' lang='lat' dir='ltr'>testamenti,</span> <span class='ocrx_word' id='word_1_67' title='bbox 1227 1415 1283 1476; x_wconf 93' lang='lat' dir='ltr'>per</span> 
     </span>
     <span class='ocr_line' id='line_1_9' title="bbox 51 1511 1282 1593; baseline 0.002 -22"><span class='ocrx_word' id='word_1_68' title='bbox 51 1513 138 1573; x_wconf 87' lang='lat' dir='ltr'>clare</span> <span class='ocrx_word' id='word_1_69' title='bbox 160 1512 317 1572; x_wconf 85' lang='lat' dir='ltr'>memorie</span> <span class='ocrx_word' id='word_1_70' title='bbox 340 1511 448 1573; x_wconf 84' lang='lat' dir='ltr'>virum</span> <span class='ocrx_word' id='word_1_71' title='bbox 472 1511 644 1573; x_wconf 89' lang='lat' dir='ltr'>dominum</span> <span class='ocrx_word' id='word_1_72' title='bbox 680 1511 862 1588; x_wconf 75' lang='lat' dir='ltr'>Obiconem</span> <span class='ocrx_word' id='word_1_73' title='bbox 889 1512 946 1572; x_wconf 93' lang='lat' dir='ltr'>Dei</span> <span class='ocrx_word' id='word_1_74' title='bbox 976 1513 1083 1593; x_wconf 90' lang='lat' dir='ltr'>gratia</span> <span class='ocrx_word' id='word_1_75' title='bbox 1112 1515 1282 1575; x_wconf 88' lang='lat' dir='ltr'>Estensem</span> 
     </span>
     <span class='ocr_line' id='line_1_10' title="bbox 51 1627 1282 1709; baseline -0.001 -21"><span class='ocrx_word' id='word_1_76' title='bbox 51 1642 82 1689; x_wconf 89' lang='lat' dir='ltr'>et</span> <span class='ocrx_word' id='word_1_77' title='bbox 99 1627 347 1689; x_wconf 76' lang='lat' dir='ltr'>Anconitanum</span> <span class='ocrx_word' id='word_1_78' title='bbox 368 1627 591 1688; x_wconf 83' lang='lat' dir='ltr'>marchionem</span> <span class='ocrx_word' id='word_1_79' title='bbox 612 1628 736 1689; x_wconf 88' lang='lat' dir='ltr'>conditi</span> <span class='ocrx_word' id='word_1_80' title='bbox 762 1628 926 1688; x_wconf 89' lang='lat' dir='ltr'>celebrato</span> <span class='ocrx_word' id='word_1_81' title='bbox 937 1640 967 1687; x_wconf 92' lang='lat' dir='ltr'>et</span> <span class='ocrx_word' id='word_1_82' title='bbox 980 1628 1103 1709; x_wconf 87' lang='lat' dir='ltr'>scripto</span> <span class='ocrx_word' id='word_1_83' title='bbox 1114 1629 1174 1688; x_wconf 91' lang='lat' dir='ltr'>sub</span> <span class='ocrx_word' id='word_1_84' title='bbox 1187 1627 1282 1707; x_wconf 81' lang='lat' dir='ltr'>signo</span> 
     </span>
     <span class='ocr_line' id='line_1_11' title="bbox 51 1743 1279 1824; baseline -0.002 -19"><span class='ocrx_word' id='word_1_85' title='bbox 51 1759 82 1806; x_wconf 92' lang='lat' dir='ltr'>et</span> <span class='ocrx_word' id='word_1_86' title='bbox 107 1746 240 1805; x_wconf 88' lang='lat' dir='ltr'>nomine</span> <span class='ocrx_word' id='word_1_87' title='bbox 262 1743 388 1804; x_wconf 91' lang='lat' dir='ltr'>domini</span> <span class='ocrx_word' id='word_1_88' title='bbox 407 1743 565 1804; x_wconf 86' lang='lat' dir='ltr'>lobannis</span> <span class='ocrx_word' id='word_1_89' title='bbox 580 1745 618 1804; x_wconf 91' lang='lat' dir='ltr'>de</span> <span class='ocrx_word' id='word_1_90' title='bbox 642 1744 780 1804; x_wconf 89' lang='lat' dir='ltr'>Dulceto</span> <span class='ocrx_word' id='word_1_91' title='bbox 805 1743 864 1803; x_wconf 91' lang='lat' dir='ltr'>Dei</span> <span class='ocrx_word' id='word_1_92' title='bbox 880 1744 986 1824; x_wconf 89' lang='lat' dir='ltr'>gratia</span> <span class='ocrx_word' id='word_1_93' title='bbox 1007 1743 1139 1822; x_wconf 88' lang='lat' dir='ltr'>notarij,</span> <span class='ocrx_word' id='word_1_94' title='bbox 1159 1756 1279 1813; x_wconf 89' lang='lat' dir='ltr'>sumat,</span> 
     </span>
     <span class='ocr_line' id='line_1_12' title="bbox 51 1859 1278 1941; baseline -0.001 -19"><span class='ocrx_word' id='word_1_95' title='bbox 51 1862 262 1931; x_wconf 85' lang='lat' dir='ltr'>transcribat,</span> <span class='ocrx_word' id='word_1_96' title='bbox 284 1860 391 1920; x_wconf 88' lang='lat' dir='ltr'>valeat</span> <span class='ocrx_word' id='word_1_97' title='bbox 414 1862 609 1941; x_wconf 84' lang='lat' dir='ltr'>exemplare,</span> <span class='ocrx_word' id='word_1_98' title='bbox 639 1875 670 1921; x_wconf 92' lang='lat' dir='ltr'>et</span> <span class='ocrx_word' id='word_1_99' title='bbox 700 1860 759 1939; x_wconf 88' lang='lat' dir='ltr'>ipsi</span> <span class='ocrx_word' id='word_1_100' title='bbox 782 1862 983 1940; x_wconf 86' lang='lat' dir='ltr'>transcripto</span> <span class='ocrx_word' id='word_1_101' title='bbox 1009 1880 1083 1921; x_wconf 88' lang='lat' dir='ltr'>cum</span> <span class='ocrx_word' id='word_1_102' title='bbox 1107 1879 1164 1921; x_wconf 89' lang='lat' dir='ltr'>suo</span> <span class='ocrx_word' id='word_1_103' title='bbox 1185 1859 1278 1940; x_wconf 85' lang='lat' dir='ltr'>signo</span> 
     </span>
     <span class='ocr_line' id='line_1_13' title="bbox 49 1975 1279 2056; baseline -0.002 -18"><span class='ocrx_word' id='word_1_104' title='bbox 49 1980 146 2039; x_wconf 88' lang='lat' dir='ltr'>solito</span> <span class='ocrx_word' id='word_1_105' title='bbox 168 2000 198 2039; x_wconf 86' lang='lat' dir='ltr'>se</span> <span class='ocrx_word' id='word_1_106' title='bbox 219 1977 422 2046; x_wconf 85' lang='lat' dir='ltr'>susscribere,</span> <span class='ocrx_word' id='word_1_107' title='bbox 444 1976 640 2037; x_wconf 83' lang='lat' dir='ltr'>mandantes</span> <span class='ocrx_word' id='word_1_108' title='bbox 662 1976 750 2036; x_wconf 89' lang='lat' dir='ltr'>dicto</span> <span class='ocrx_word' id='word_1_109' title='bbox 785 1976 985 2048; x_wconf 88' lang='lat' dir='ltr'>Rolandino,</span> <span class='ocrx_word' id='word_1_110' title='bbox 1009 1990 1045 2037; x_wconf 96' lang='lat' dir='ltr'>ut</span> <span class='ocrx_word' id='word_1_111' title='bbox 1070 1977 1102 2036; x_wconf 95' lang='lat' dir='ltr'>in</span> <span class='ocrx_word' id='word_1_112' title='bbox 1126 1975 1279 2056; x_wconf 89' lang='lat' dir='ltr'>capitulis</span> 
     </span>
     <span class='ocr_line' id='line_1_14' title="bbox 51 2092 1281 2173; baseline -0.003 -17"><span class='ocrx_word' id='word_1_113' title='bbox 51 2095 307 2157; x_wconf 79' lang='lat' dir='ltr'>transcribendis</span> <span class='ocrx_word' id='word_1_114' title='bbox 324 2094 369 2153; x_wconf 94' lang='lat' dir='ltr'>nil</span> <span class='ocrx_word' id='word_1_115' title='bbox 385 2094 538 2165; x_wconf 84' lang='lat' dir='ltr'>addatur,</span> <span class='ocrx_word' id='word_1_116' title='bbox 557 2095 767 2165; x_wconf 89' lang='lat' dir='ltr'>immutatur,</span> <span class='ocrx_word' id='word_1_117' title='bbox 789 2094 839 2155; x_wconf 83' lang='lat' dir='ltr'>vel</span> <span class='ocrx_word' id='word_1_118' title='bbox 855 2094 1019 2164; x_wconf 85' lang='lat' dir='ltr'>dematur,</span> <span class='ocrx_word' id='word_1_119' title='bbox 1043 2093 1104 2153; x_wconf 93' lang='lat' dir='ltr'>nisi</span> <span class='ocrx_word' id='word_1_120' title='bbox 1123 2092 1281 2173; x_wconf 84' lang='lat' dir='ltr'>quemad·</span> 
     </span>
     <span class='ocr_line' id='line_1_15' title="bbox 50 2194 1280 2290; baseline -0.003 -18"><span class='ocrx_word' id='word_1_121' title='bbox 50 2213 184 2273; x_wconf 89' lang='lat' dir='ltr'>modum</span> <span class='ocrx_word' id='word_1_122' title='bbox 209 2194 245 2271; x_wconf 24' lang='lat' dir='ltr'>in·</span> <span class='ocrx_word' id='word_1_123' title='bbox 265 2210 419 2290; x_wconf 87' lang='lat' dir='ltr'>capitulis</span> <span class='ocrx_word' id='word_1_124' title='bbox 441 2211 540 2290; x_wconf 86' lang='lat' dir='ltr'>ipsius</span> <span class='ocrx_word' id='word_1_125' title='bbox 563 2210 722 2270; x_wconf 84' lang='lat' dir='ltr'>autentici</span> <span class='ocrx_word' id='word_1_126' title='bbox 746 2211 948 2272; x_wconf 86' lang='lat' dir='ltr'>continetur.</span> <span class='ocrx_word' id='word_1_127' title='bbox 1054 2209 1280 2270; x_wconf 88' lang='lat' dir='ltr'>Decreverunt</span> 
     </span>
     <span class='ocr_line' id='line_1_16' title="bbox 51 2326 1281 2410; baseline -0.003 -21"><span class='ocrx_word' id='word_1_128' title='bbox 51 2349 181 2410; x_wconf 87' lang='lat' dir='ltr'>quoque</span> <span class='ocrx_word' id='word_1_129' title='bbox 205 2329 325 2389; x_wconf 82' lang='lat' dir='ltr'>iudices</span> <span class='ocrx_word' id='word_1_130' title='bbox 338 2327 523 2398; x_wconf 92' lang='lat' dir='ltr'>memorati,</span> <span class='ocrx_word' id='word_1_131' title='bbox 538 2341 709 2408; x_wconf 89' lang='lat' dir='ltr'>propterea</span> <span class='ocrx_word' id='word_1_132' title='bbox 727 2326 815 2406; x_wconf 88' lang='lat' dir='ltr'>quod</span> <span class='ocrx_word' id='word_1_133' title='bbox 832 2327 976 2406; x_wconf 89' lang='lat' dir='ltr'>capitula</span> <span class='ocrx_word' id='word_1_134' title='bbox 991 2326 1189 2406; x_wconf 87' lang='lat' dir='ltr'>transcripta</span> <span class='ocrx_word' id='word_1_135' title='bbox 1206 2344 1281 2385; x_wconf 88' lang='lat' dir='ltr'>cum</span> 
     </span>
     <span class='ocr_line' id='line_1_17' title="bbox 51 2442 1282 2524; baseline -0.005 -16"><span class='ocrx_word' id='word_1_136' title='bbox 51 2447 209 2508; x_wconf 88' lang='lat' dir='ltr'>autentici</span> <span class='ocrx_word' id='word_1_137' title='bbox 233 2446 391 2515; x_wconf 87' lang='lat' dir='ltr'>articulis,</span> <span class='ocrx_word' id='word_1_138' title='bbox 406 2446 496 2523; x_wconf 88' lang='lat' dir='ltr'>[que]</span> <span class='ocrx_word' id='word_1_139' title='bbox 512 2464 621 2504; x_wconf 91' lang='lat' dir='ltr'>coram</span> <span class='ocrx_word' id='word_1_140' title='bbox 643 2444 717 2524; x_wconf 89' lang='lat' dir='ltr'>ipsis</span> <span class='ocrx_word' id='word_1_141' title='bbox 732 2443 897 2503; x_wconf 88' lang='lat' dir='ltr'>iudicibus</span> <span class='ocrx_word' id='word_1_142' title='bbox 913 2444 951 2503; x_wconf 84' lang='lat' dir='ltr'>de</span> <span class='ocrx_word' id='word_1_143' title='bbox 968 2443 1067 2504; x_wconf 87' lang='lat' dir='ltr'>verbo</span> <span class='ocrx_word' id='word_1_144' title='bbox 1083 2442 1123 2502; x_wconf 94' lang='lat' dir='ltr'>ad</span> <span class='ocrx_word' id='word_1_145' title='bbox 1140 2442 1282 2502; x_wconf 88' lang='lat' dir='ltr'>verbum</span> 
     </span>
     <span class='ocr_line' id='line_1_18' title="bbox 51 2560 1280 2642; baseline -0.002 -20"><span class='ocrx_word' id='word_1_146' title='bbox 51 2583 105 2642; x_wconf 88' lang='lat' dir='ltr'>per</span> <span class='ocrx_word' id='word_1_147' title='bbox 118 2563 243 2623; x_wconf 88' lang='lat' dir='ltr'>dictum</span> <span class='ocrx_word' id='word_1_148' title='bbox 259 2561 485 2621; x_wconf 83' lang='lat' dir='ltr'>Rolandinum</span> <span class='ocrx_word' id='word_1_149' title='bbox 499 2574 529 2620; x_wconf 92' lang='lat' dir='ltr'>et</span> <span class='ocrx_word' id='word_1_150' title='bbox 544 2561 722 2621; x_wconf 88' lang='lat' dir='ltr'>tabeliones</span> <span class='ocrx_word' id='word_1_151' title='bbox 734 2560 926 2640; x_wconf 86' lang='lat' dir='ltr'>susscriptos</span> <span class='ocrx_word' id='word_1_152' title='bbox 939 2561 1118 2629; x_wconf 88' lang='lat' dir='ltr'>insinuata,</span> <span class='ocrx_word' id='word_1_153' title='bbox 1131 2560 1280 2639; x_wconf 81' lang='lat' dir='ltr'>exposita</span> 
     </span>
     <span class='ocr_line' id='line_1_19' title="bbox 50 2674 1280 2756; baseline 0.001 -21"><span class='ocrx_word' id='word_1_154' title='bbox 50 2677 185 2737; x_wconf 80' lang='lat' dir='ltr'>fuerunt</span> <span class='ocrx_word' id='word_1_155' title='bbox 209 2692 308 2755; x_wconf 77' lang='lat' dir='ltr'>atque</span> <span class='ocrx_word' id='word_1_156' title='bbox 331 2677 471 2756; x_wconf 87' lang='lat' dir='ltr'>perlecta</span> <span class='ocrx_word' id='word_1_157' title='bbox 496 2674 627 2745; x_wconf 87' lang='lat' dir='ltr'>ibidem,</span> <span class='ocrx_word' id='word_1_158' title='bbox 650 2690 680 2735; x_wconf 87' lang='lat' dir='ltr'>et</span> <span class='ocrx_word' id='word_1_159' title='bbox 705 2676 886 2736; x_wconf 83' lang='lat' dir='ltr'>uniformia</span> <span class='ocrx_word' id='word_1_160' title='bbox 917 2690 948 2736; x_wconf 91' lang='lat' dir='ltr'>et</span> <span class='ocrx_word' id='word_1_161' title='bbox 974 2694 1116 2736; x_wconf 87' lang='lat' dir='ltr'>consona</span> <span class='ocrx_word' id='word_1_162' title='bbox 1151 2689 1280 2755; x_wconf 87' lang='lat' dir='ltr'>reperta</span> 
     </span>
     <span class='ocr_line' id='line_1_20' title="bbox 51 2790 1281 2872; baseline -0.002 -19"><span class='ocrx_word' id='word_1_163' title='bbox 51 2814 105 2872; x_wconf 90' lang='lat' dir='ltr'>per</span> <span class='ocrx_word' id='word_1_164' title='bbox 128 2794 239 2853; x_wconf 86' lang='lat' dir='ltr'>omnia</span> <span class='ocrx_word' id='word_1_165' title='bbox 263 2793 457 2862; x_wconf 81' lang='lat' dir='ltr'>extiterunt,</span> <span class='ocrx_word' id='word_1_166' title='bbox 489 2793 576 2871; x_wconf 81' lang='lat' dir='ltr'>quod</span> <span class='ocrx_word' id='word_1_167' title='bbox 607 2792 691 2852; x_wconf 90' lang='lat' dir='ltr'>idem</span> <span class='ocrx_word' id='word_1_168' title='bbox 726 2794 964 2872; x_wconf 87' lang='lat' dir='ltr'>transcriptum</span> <span class='ocrx_word' id='word_1_169' title='bbox 997 2791 1122 2853; x_wconf 92' lang='lat' dir='ltr'>tamin</span> <span class='ocrx_word' id='word_1_170' title='bbox 1150 2790 1281 2852; x_wconf 90' lang='lat' dir='ltr'>iudiciis</span> 
     </span>
     <span class='ocr_line' id='line_1_21' title="bbox 49 2906 1281 2989; baseline -0.001 -22"><span class='ocrx_word' id='word_1_171' title='bbox 49 2929 147 2989; x_wconf 75' lang='lat' dir='ltr'>quarn</span> <span class='ocrx_word' id='word_1_172' title='bbox 173 2923 263 2968; x_wconf 79' lang='lat' dir='ltr'>extra</span> <span class='ocrx_word' id='word_1_173' title='bbox 287 2925 318 2969; x_wconf 92' lang='lat' dir='ltr'>et</span> <span class='ocrx_word' id='word_1_174' title='bbox 336 2908 474 2969; x_wconf 88' lang='lat' dir='ltr'>ubilibet</span> <span class='ocrx_word' id='word_1_175' title='bbox 499 2927 590 2989; x_wconf 84' lang='lat' dir='ltr'>pares</span> <span class='ocrx_word' id='word_1_176' title='bbox 613 2909 695 2968; x_wconf 82' lang='lat' dir='ltr'>vires</span> <span class='ocrx_word' id='word_1_177' title='bbox 710 2923 740 2968; x_wconf 91' lang='lat' dir='ltr'>et</span> <span class='ocrx_word' id='word_1_178' title='bbox 758 2910 859 2968; x_wconf 91' lang='lat' dir='ltr'>robur</span> <span class='ocrx_word' id='word_1_179' title='bbox 881 2908 982 2969; x_wconf 86' lang='lat' dir='ltr'>solide</span> <span class='ocrx_word' id='word_1_180' title='bbox 1004 2922 1035 2969; x_wconf 90' lang='lat' dir='ltr'>et</span> <span class='ocrx_word' id='word_1_181' title='bbox 1058 2923 1214 2989; x_wconf 86' lang='lat' dir='ltr'>perpetue</span> <span class='ocrx_word' id='word_1_182' title='bbox 1229 2906 1281 2967; x_wconf 90' lang='lat' dir='ltr'>fir·</span> 
     </span>
     <span class='ocr_line' id='line_1_22' title="bbox 50 3021 1278 3104; baseline -0.001 -22"><span class='ocrx_word' id='word_1_183' title='bbox 50 3026 174 3084; x_wconf 75' lang='lat' dir='ltr'>naitatis</span> <span class='ocrx_word' id='word_1_184' title='bbox 203 3026 352 3085; x_wconf 85' lang='lat' dir='ltr'>obtineat</span> <span class='ocrx_word' id='word_1_185' title='bbox 387 3039 486 3104; x_wconf 85' lang='lat' dir='ltr'>atque</span> <span class='ocrx_word' id='word_1_186' title='bbox 518 3039 620 3103; x_wconf 73' lang='lat' dir='ltr'>gerat,</span> <span class='ocrx_word' id='word_1_187' title='bbox 654 3023 933 3104; x_wconf 84' lang='lat' dir='ltr'>quemadmodum</span> <span class='ocrx_word' id='word_1_188' title='bbox 969 3024 1103 3084; x_wconf 91' lang='lat' dir='ltr'>articuli</span> <span class='ocrx_word' id='word_1_189' title='bbox 1134 3021 1278 3083; x_wconf 90' lang='lat' dir='ltr'>indicto</span> 
     </span>
     <span class='ocr_line' id='line_1_23' title="bbox 50 3137 1275 3217; baseline -0.002 -20"><span class='ocrx_word' id='word_1_190' title='bbox 50 3139 219 3198; x_wconf 86' lang='lat' dir='ltr'>autentico</span> <span class='ocrx_word' id='word_1_191' title='bbox 242 3139 409 3210; x_wconf 71' lang='lat' dir='ltr'>denotati,</span> <span class='ocrx_word' id='word_1_192' title='bbox 442 3153 472 3197; x_wconf 90' lang='lat' dir='ltr'>et</span> <span class='ocrx_word' id='word_1_193' title='bbox 497 3137 536 3198; x_wconf 91' lang='lat' dir='ltr'>ad</span> <span class='ocrx_word' id='word_1_194' title='bbox 567 3138 708 3197; x_wconf 88' lang='lat' dir='ltr'>validius</span> <span class='ocrx_word' id='word_1_195' title='bbox 731 3143 779 3210; x_wconf 85' lang='lat' dir='ltr'>(a)</span> <span class='ocrx_word' id='word_1_196' title='bbox 802 3137 1029 3197; x_wconf 89' lang='lat' dir='ltr'>testimonium</span> <span class='ocrx_word' id='word_1_197' title='bbox 1059 3151 1089 3196; x_wconf 89' lang='lat' dir='ltr'>et</span> <span class='ocrx_word' id='word_1_198' title='bbox 1113 3148 1275 3217; x_wconf 87' lang='lat' dir='ltr'>perpetem</span> 
     </span>
     <span class='ocr_line' id='line_1_24' title="bbox 51 3252 1280 3333; baseline -0.002 -20"><span class='ocrx_word' id='word_1_199' title='bbox 51 3255 253 3323; x_wconf 75' lang='lat' dir='ltr'>firmitatem,</span> <span class='ocrx_word' id='word_1_200' title='bbox 274 3253 390 3332; x_wconf 88' lang='lat' dir='ltr'>prefati</span> <span class='ocrx_word' id='word_1_201' title='bbox 416 3254 537 3314; x_wconf 86' lang='lat' dir='ltr'>iudices</span> <span class='ocrx_word' id='word_1_202' title='bbox 567 3254 712 3333; x_wconf 80' lang='lat' dir='ltr'>providis</span> <span class='ocrx_word' id='word_1_203' title='bbox 736 3254 813 3312; x_wconf 73' lang='lat' dir='ltr'>ciris</span> <span class='ocrx_word' id='word_1_204' title='bbox 836 3253 979 3312; x_wconf 88' lang='lat' dir='ltr'>dominis</span> <span class='ocrx_word' id='word_1_205' title='bbox 1010 3252 1152 3312; x_wconf 87' lang='lat' dir='ltr'>Vivaldo</span> <span class='ocrx_word' id='word_1_206' title='bbox 1173 3270 1280 3331; x_wconf 90' lang='lat' dir='ltr'>quon—</span> 
     </span>
     <span class='ocr_line' id='line_1_25' title="bbox 49 3368 1288 3452; baseline -0.003 -20"><span class='ocrx_word' id='word_1_207' title='bbox 49 3374 124 3432; x_wconf 87' lang='lat' dir='ltr'>dam</span> <span class='ocrx_word' id='word_1_208' title='bbox 159 3371 283 3431; x_wconf 88' lang='lat' dir='ltr'>domini</span> <span class='ocrx_word' id='word_1_209' title='bbox 320 3371 504 3441; x_wconf 86' lang='lat' dir='ltr'>Graciadei,</span> <span class='ocrx_word' id='word_1_210' title='bbox 539 3371 730 3450; x_wconf 74' lang='lat' dir='ltr'>Fluglerino</span> <span class='ocrx_word' id='word_1_211' title='bbox 763 3372 801 3432; x_wconf 88' lang='lat' dir='ltr'>de</span> <span class='ocrx_word' id='word_1_212' title='bbox 831 3370 1012 3452; x_wconf 78' lang='lat' dir='ltr'>Floglerijs,</span> <span class='ocrx_word' id='word_1_213' title='bbox 1041 3369 1218 3430; x_wconf 83' lang='lat' dir='ltr'>Adelberio</span> <span class='ocrx_word' id='word_1_214' title='bbox 1239 3368 1288 3428; x_wconf 77' lang='lat' dir='ltr'>do</span> 
     </span>
     <span class='ocr_line' id='line_1_26' title="bbox 50 3485 1280 3567; baseline -0.002 -18"><span class='ocrx_word' id='word_1_215' title='bbox 50 3488 241 3563; x_wconf 71' lang='lat' dir='ltr'>Adelberijs,</span> <span class='ocrx_word' id='word_1_216' title='bbox 265 3487 426 3547; x_wconf 69' lang='lat' dir='ltr'>Anselisio</span> <span class='ocrx_word' id='word_1_217' title='bbox 448 3487 485 3548; x_wconf 88' lang='lat' dir='ltr'>de</span> <span class='ocrx_word' id='word_1_218' title='bbox 510 3488 677 3567; x_wconf 73' lang='lat' dir='ltr'>Ariselisijs</span> <span class='ocrx_word' id='word_1_219' title='bbox 699 3502 729 3547; x_wconf 88' lang='lat' dir='ltr'>et</span> <span class='ocrx_word' id='word_1_220' title='bbox 754 3488 847 3547; x_wconf 81' lang='lat' dir='ltr'>Bono</span> <span class='ocrx_word' id='word_1_221' title='bbox 870 3488 907 3547; x_wconf 82' lang='lat' dir='ltr'>de</span> <span class='ocrx_word' id='word_1_222' title='bbox 932 3486 1088 3557; x_wconf 80' lang='lat' dir='ltr'>Axendis,</span> <span class='ocrx_word' id='word_1_223' title='bbox 1106 3485 1280 3547; x_wconf 91' lang='lat' dir='ltr'>tabelioni·</span> 
     </span>
     <span class='ocr_line' id='line_1_27' title="bbox 50 3600 1313 3684; baseline -0.005 -20"><span class='ocrx_word' id='word_1_224' title='bbox 50 3607 108 3664; x_wconf 89' lang='lat' dir='ltr'>bus</span> <span class='ocrx_word' id='word_1_225' title='bbox 132 3602 280 3684; x_wconf 76' lang='lat' dir='ltr'>publicis,</span> <span class='ocrx_word' id='word_1_226' title='bbox 304 3616 517 3681; x_wconf 82' lang='lat' dir='ltr'>preceperunt</span> <span class='ocrx_word' id='word_1_227' title='bbox 541 3615 642 3680; x_wconf 85' lang='lat' dir='ltr'>atque</span> <span class='ocrx_word' id='word_1_228' title='bbox 664 3616 902 3671; x_wconf 82' lang='lat' dir='ltr'>concesserunt,</span> <span class='ocrx_word' id='word_1_229' title='bbox 925 3600 1012 3680; x_wconf 83' lang='lat' dir='ltr'>quod</span> <span class='ocrx_word' id='word_1_230' title='bbox 1040 3600 1099 3679; x_wconf 86' lang='lat' dir='ltr'>ipsi</span> <span class='ocrx_word' id='word_1_231' title='bbox 1121 3620 1152 3659; x_wconf 86' lang='lat' dir='ltr'>se</span> <span class='ocrx_word' id='word_1_232' title='bbox 1175 3612 1281 3660; x_wconf 85' lang='lat' dir='ltr'>trans·</span> <span class='ocrx_word' id='word_1_233' title='bbox 1311 3639 1313 3643; x_wconf 26' lang='grc' dir='ltr'><em>ν</em></span> 
     </span>
     <span class='ocr_line' id='line_1_28' title="bbox 47 3714 1281 3798; baseline -0.001 -21"><span class='ocrx_word' id='word_1_234' title='bbox 47 3721 168 3798; x_wconf 82' lang='lat' dir='ltr'>scripto</span> <span class='ocrx_word' id='word_1_235' title='bbox 190 3717 400 3785; x_wconf 78' lang='lat' dir='ltr'>susscribant,</span> <span class='ocrx_word' id='word_1_236' title='bbox 415 3737 470 3775; x_wconf 90' lang='lat' dir='ltr'>sua</span> <span class='ocrx_word' id='word_1_237' title='bbox 488 3718 578 3793; x_wconf 75' lang='lat' dir='ltr'>signa</span> <span class='ocrx_word' id='word_1_238' title='bbox 596 3715 760 3776; x_wconf 82' lang='lat' dir='ltr'>inferrant</span> <span class='ocrx_word' id='word_1_239' title='bbox 784 3732 936 3777; x_wconf 82' lang='lat' dir='ltr'>consueta</span> <span class='ocrx_word' id='word_1_240' title='bbox 954 3731 983 3776; x_wconf 86' lang='lat' dir='ltr'>ct</span> <span class='ocrx_word' id='word_1_241' title='bbox 1003 3716 1127 3795; x_wconf 86' lang='lat' dir='ltr'>reliqua</span> <span class='ocrx_word' id='word_1_242' title='bbox 1142 3714 1281 3786; x_wconf 88' lang='lat' dir='ltr'>faciant,</span> 
     </span>
     <span class='ocr_line' id='line_1_29' title="bbox 48 3831 1279 3915; baseline -0.003 -20"><span class='ocrx_word' id='word_1_243' title='bbox 48 3857 110 3915; x_wconf 80' lang='lat' dir='ltr'>quc·</span> <span class='ocrx_word' id='word_1_244' title='bbox 133 3837 165 3895; x_wconf 89' lang='lat' dir='ltr'>in</span> <span class='ocrx_word' id='word_1_245' title='bbox 190 3834 344 3913; x_wconf 79' lang='lat' dir='ltr'>exemplis</span> <span class='ocrx_word' id='word_1_246' title='bbox 367 3832 639 3891; x_wconf 80' lang='lat' dir='ltr'>transscribendis</span> <span class='ocrx_word' id='word_1_247' title='bbox 662 3834 789 3893; x_wconf 89' lang='lat' dir='ltr'>utiliter</span> <span class='ocrx_word' id='word_1_248' title='bbox 808 3833 931 3893; x_wconf 87' lang='lat' dir='ltr'>luerint</span> <span class='ocrx_word' id='word_1_249' title='bbox 951 3846 1149 3912; x_wconf 84' lang='lat' dir='ltr'>opportuna.</span> <span class='ocrx_word' id='word_1_250' title='bbox 1234 3831 1279 3892; x_wconf 84' lang='lat' dir='ltr'>Et</span> 
     </span>
     <span class='ocr_line' id='line_1_30' title="bbox 50 3945 1280 4028; baseline -0.005 -16"><span class='ocrx_word' id='word_1_251' title='bbox 50 3955 105 4012; x_wconf 84' lang='lat' dir='ltr'>bec</span> <span class='ocrx_word' id='word_1_252' title='bbox 138 3951 248 4012; x_wconf 84' lang='lat' dir='ltr'>onmia</span> <span class='ocrx_word' id='word_1_253' title='bbox 274 3950 312 4009; x_wconf 86' lang='lat' dir='ltr'>ad</span> <span class='ocrx_word' id='word_1_254' title='bbox 338 3949 586 4028; x_wconf 76' lang='lat' dir='ltr'>reqrrisitionem</span> <span class='ocrx_word' id='word_1_255' title='bbox 616 3964 646 4008; x_wconf 85' lang='lat' dir='ltr'>ct</span> <span class='ocrx_word' id='word_1_256' title='bbox 678 3949 874 4008; x_wconf 84' lang='lat' dir='ltr'>instanciam</span> <span class='ocrx_word' id='word_1_257' title='bbox 910 3949 1029 4008; x_wconf 89' lang='lat' dir='ltr'>nobilis</span> <span class='ocrx_word' id='word_1_258' title='bbox 1052 3961 1083 4007; x_wconf 89' lang='lat' dir='ltr'>et</span> <span class='ocrx_word' id='word_1_259' title='bbox 1110 3945 1280 4026; x_wconf 84' lang='lat' dir='ltr'>magnifici</span> 
     </span>
     <span class='ocr_line' id='line_1_31' title="bbox 47 4060 1281 4144; baseline -0.002 -18"><span class='ocrx_word' id='word_1_260' title='bbox 47 4068 173 4126; x_wconf 85' lang='lat' dir='ltr'>domini</span> <span class='ocrx_word' id='word_1_261' title='bbox 199 4066 363 4127; x_wconf 69' lang='lat' dir='ltr'>(luidonis</span> <span class='ocrx_word' id='word_1_262' title='bbox 385 4066 422 4123; x_wconf 84' lang='lat' dir='ltr'>de</span> <span class='ocrx_word' id='word_1_263' title='bbox 447 4064 816 4134; x_wconf 79' lang='lat' dir='ltr'>Bonacolsis,C01nunis</span> <span class='ocrx_word' id='word_1_264' title='bbox 832 4080 862 4124; x_wconf 86' lang='lat' dir='ltr'>et</span> <span class='ocrx_word' id='word_1_265' title='bbox 882 4065 998 4144; x_wconf 86' lang='lat' dir='ltr'>Populi</span> <span class='ocrx_word' id='word_1_266' title='bbox 1023 4065 1161 4124; x_wconf 85' lang='lat' dir='ltr'>Mantue</span> <span class='ocrx_word' id='word_1_267' title='bbox 1183 4060 1281 4143; x_wconf 85' lang='lat' dir='ltr'>Capi·</span> 
     </span>
     <span class='ocr_line' id='line_1_32' title="bbox 49 4176 1281 4258; baseline -0.004 -18"><span class='ocrx_word' id='word_1_268' title='bbox 49 4182 135 4240; x_wconf 84' lang='lat' dir='ltr'>tanei</span> <span class='ocrx_word' id='word_1_269' title='bbox 160 4180 329 4258; x_wconf 66' lang='lat' dir='ltr'>garreralis,</span> <span class='ocrx_word' id='word_1_270' title='bbox 362 4178 545 4256; x_wconf 81' lang='lat' dir='ltr'>nobilisque</span> <span class='ocrx_word' id='word_1_271' title='bbox 578 4179 711 4237; x_wconf 74' lang='lat' dir='ltr'>clornine</span> <span class='ocrx_word' id='word_1_272' title='bbox 735 4178 866 4238; x_wconf 86' lang='lat' dir='ltr'>domine</span> <span class='ocrx_word' id='word_1_273' title='bbox 900 4177 1106 4246; x_wconf 75' lang='lat' dir='ltr'>Constancic,</span> <span class='ocrx_word' id='word_1_274' title='bbox 1129 4176 1281 4257; x_wconf 84' lang='lat' dir='ltr'>coniugis</span> 
     </span>
     <span class='ocr_line' id='line_1_33' title="bbox 47 4292 1280 4374; baseline -0.005 -16"><span class='ocrx_word' id='word_1_275' title='bbox 47 4301 124 4360; x_wconf 85' lang='lat' dir='ltr'>dicti</span> <span class='ocrx_word' id='word_1_276' title='bbox 150 4297 275 4358; x_wconf 82' lang='lat' dir='ltr'>domiui</span> <span class='ocrx_word' id='word_1_277' title='bbox 302 4297 517 4363; x_wconf 79' lang='lat' dir='ltr'>Guidorris,et</span> <span class='ocrx_word' id='word_1_278' title='bbox 543 4296 678 4354; x_wconf 75' lang='lat' dir='ltr'>illustris</span> <span class='ocrx_word' id='word_1_279' title='bbox 695 4311 724 4354; x_wconf 84' lang='lat' dir='ltr'>et</span> <span class='ocrx_word' id='word_1_280' title='bbox 743 4294 908 4374; x_wconf 71' lang='lat' dir='ltr'>magnifici</span> <span class='ocrx_word' id='word_1_281' title='bbox 933 4293 1058 4354; x_wconf 88' lang='lat' dir='ltr'>domini</span> <span class='ocrx_word' id='word_1_282' title='bbox 1083 4293 1212 4352; x_wconf 82' lang='lat' dir='ltr'>Alberti</span> <span class='ocrx_word' id='word_1_283' title='bbox 1240 4292 1280 4352; x_wconf 88' lang='lat' dir='ltr'>de</span> 
     </span>
    </p>
   </div>
   <div class='ocr_carea' id='block_1_5' title="bbox 48 4409 1280 4491">
    <p class='ocr_par' dir='ltr' id='par_1_5' title="bbox 48 4409 1280 4491">
     <span class='ocr_line' id='line_1_34' title="bbox 48 4409 1280 4491; baseline -0.004 -16"><span class='ocrx_word' id='word_1_284' title='bbox 48 4421 75 4477; x_wconf 84' lang='lat' dir='ltr'>la</span> <span class='ocrx_word' id='word_1_285' title='bbox 101 4419 192 4478; x_wconf 76' lang='lat' dir='ltr'>Scala</span> <span class='ocrx_word' id='word_1_286' title='bbox 218 4415 378 4475; x_wconf 74' lang='lat' dir='ltr'>Cumanis</span> <span class='ocrx_word' id='word_1_287' title='bbox 402 4430 431 4473; x_wconf 66' lang='lat' dir='ltr'>et</span> <span class='ocrx_word' id='word_1_288' title='bbox 457 4412 574 4491; x_wconf 78' lang='lat' dir='ltr'>Populi</span> <span class='ocrx_word' id='word_1_289' title='bbox 593 4412 720 4471; x_wconf 76' lang='lat' dir='ltr'>l&#39;crone</span> <span class='ocrx_word' id='word_1_290' title='bbox 738 4413 911 4491; x_wconf 85' lang='lat' dir='ltr'>Capitnnei</span> <span class='ocrx_word' id='word_1_291' title='bbox 930 4411 1088 4489; x_wconf 66' lang='lat' dir='ltr'>generalis</span> <span class='ocrx_word' id='word_1_292' title='bbox 1111 4409 1230 4490; x_wconf 79' lang='lat' dir='ltr'>genite,</span> <span class='ocrx_word' id='word_1_293' title='bbox 1247 4423 1280 4470; x_wconf 88' lang='lat' dir='ltr'>et</span> 
     </span>
    </p>
   </div>
   <div class='ocr_carea' id='block_1_6' title="bbox 0 0 1442 4748">
    <p class='ocr_par' dir='ltr' id='par_1_6' title="bbox 0 0 1442 4748">
     <span class='ocr_line' id='line_1_35' title="bbox 0 0 1442 4748; baseline 0 2"><span class='ocrx_word' id='word_1_294' title='bbox 0 0 1442 4748; x_wconf 95' lang='lat' dir='ltr'> </span> 
     </span>
    </p>
   </div>
  </div>
 </body>
</html>
