2874 4748
68 438 126 515 304
370 455 540 496 artszrom
564 455 624 494 rna
648 453 776 494 verrom
800 455 818 494 e
842 453 993 495 marom

69 673 102 733 in
125 669 290 742 omnibus,
312 690 376 751 que
399 669 491 730 robis
511 689 549 730 ex
568 679 678 729 nostra
696 679 788 748 parte
805 668 965 739 retulerit,
982 667 1090 728 verbis
1103 680 1135 729 et
1155 668 1297 749 scriptis,

67 783 174 846 velitis
195 799 227 846 et
250 782 435 864 dignamini
467 781 562 844 fidem
591 782 772 862 plenariam
806 780 970 844 adhibere.
1024 767 1026 776 ¹
1075 781 1199 846 Datum
1223 781 1297 844 Per·

65 901 164 979 gami,
186 899 238 960 die
262 919 319 960 xru
343 898 462 960 mensis
484 896 596 976 madij.

146 1018 189 1080 Et
212 1018 293 1076 lecta
317 1016 493 1078 ambaxata
518 1015 616 1076 huius
635 1015 767 1076 tenoris.

148 1134 183 1194 ln
208 1132 334 1194 Christi
358 1132 502 1193 nomine.
576 1131 644 1192 Hec
666 1146 712 1193 est
736 1131 841 1192 forma
865 1132 1050 1202 ambaxate,
1072 1152 1172 1214 quam
1197 1132 1295 1196 debet

68 1251 226 1330 prouidus
249 1266 279 1312 et
302 1248 460 1311 discretus
476 1249 527 1310 vir
542 1249 697 1310 dominus
721 1249 836 1310 Lanl'r.
853 1249 892 1311 de
909 1249 1025 1320 Crot0,
1047 1249 1127 1311 civis
1141 1249 1296 1330 Pergami

66 1368 210 1430 dominis
222 1366 422 1428 Bardellono
438 1365 623 1446 Capitaneo
638 1365 780 1446 generali
797 1366 943 1427 civitatis
963 1367 1100 1428 Mantus
1111 1380 1143 1428 et
1159 1363 1297 1430 domiiro

67 1485 198 1564 Tagino
221 1483 259 1543 de
282 1484 470 1546 Bonacolsis
495 1482 590 1543 fratri
613 1503 692 1551 su0‚
714 1502 751 1542 ex
777 1496 870 1562 parte
897 1481 1173 1568 dominorum...
1201 1482 1298 1545 Pote-

65 1601 229 1673 statis‚...
252 1602 491 1670 Antianorum,
515 1599 711 1680 Sapientum
734 1610 766 1660 et
789 1598 951 1659 Comanis
973 1597 1136 1679 Pergami.

188 1717 234 1794 [r]
251 1715 363 1775 Primo
382 1713 453 1776 ideo
468 1715 607 1775 debeant
625 1713 796 1794 regratiari
814 1713 909 1775 dictis
923 1714 1073 1775 Dominis
1091 1715 1298 1787 multimode,

65 1852 101 1890 es
120 1846 211 1911 parte
228 1829 451 1912 predictorum
468 1829 681 1891 dominorum
705 1828 890 1901 Potestatis,
906 1831 1145 1902 Antianorum,
1163 1831 1298 1913 Sapien,

66 1962 138 2007 tum
161 1961 192 2007 et
216 1946 378 2007 Comunis
401 1945 563 2025 Pergami,
579 1945 617 2005 de
634 1946 718 2006 bona
745 1946 918 2006 voluntate
941 1959 972 2007 et
995 1946 1138 2008 servitiis
1159 1949 1299 2009 ostensis

65 2079 96 2122 et
119 2063 245 2123 collatis
262 2082 317 2142 per
333 2062 436 2122 dictos
453 2061 612 2122 Dominos
629 2061 759 2122 nunciis
775 2061 937 2122 Comanis
955 2061 1117 2143 Pergami,
1134 2064 1192 2143 qui
1208 2077 1301 2126 tran·

65 2181 190 2240 sierunt
213 2199 268 2259 per
291 2179 461 2239 civitatem
487 2179 635 2248 Mantue,
657 2193 688 2238 et
711 2180 750 2238 de
772 2198 810 2239 eo
832 2177 921 2258 quod
943 2198 1106 2240 assensum
1134 2199 1201 2241 non
1227 2201 1298 2262 pre-

64 2295 232 2365 stiterunt,
256 2295 329 2355 licet
353 2294 484 2374 pluries,
508 2311 544 2354 ut
570 2308 688 2356 notum
706 2309 751 2356 est
768 2295 906 2356 domino
929 2295 1150 2366 Potestati,...
1181 2297 1299 2358 Antia·

66 2413 114 2470 nis
136 2425 166 2470 et
184 2411 394 2491 Sapientibus
413 2410 573 2488 Pergami,
592 2410 716 2470 fuerint
741 2411 899 2490 requisiti,
924 2411 1111 2472 volentibus
1132 2411 1299 2474 offendere

65 2525 216 2585 (Jonrune
241 2525 402 2604 Pergami,
434 2543 490 2584 nec
514 2525 557 2584 eis
586 2538 701 2585 contra
737 2524 888 2586 Comune
911 2526 1061 2606 Pergami
1095 2545 1151 2587 nec
1175 2527 1301 2590 amicos

64 2663 138 2703 suos
153 2643 229 2703 dare
247 2645 424 2703 voluerunt
442 2643 575 2723 aliquod
592 2643 754 2704 auxilium
775 2663 831 2703 nec
854 2663 1058 2706 succursum.
1122 2644 1157 2705 ln
1176 2647 1301 2726 quibus

67 2774 102 2820 ut
125 2774 340 2839 perseverent,
357 2774 393 2820 ut
409 2777 517 2838 sperat
541 2759 692 2819 Comune
709 2758 869 2839 Pergami,
892 2760 988 2821 debet
1008 2761 1125 2822 eisdem
1145 2761 1301 2824 Dominis

65 2876 150 2936 idem
165 2877 371 2946 ambaxator,
388 2897 426 2936 ex
444 2891 536 2956 parte
552 2877 717 2936 dictorum
734 2875 947 2937 dominorum
973 2876 1158 2949 PotestatiS,
1182 2882 1302 2940 Antia·

67 3010 195 3059 norum,
219 2991 413 3070 Sapientem
437 3005 467 3050 et
492 2990 653 3050 Cornunis
677 2990 838 3070 Pergami,
861 2991 1040 3052 instantius
1062 2992 1259 3073 supplicare.

186 3109 231 3186 [al
257 3105 337 3166 ltem
362 3106 456 3167 debet
480 3108 585 3167 dicere
608 3122 638 3168 et
662 3127 823 3188 exponere
852 3108 947 3168 dictis
982 3109 1131 3169 Dominis
1153 3109 1301 3188 qualiter

66 3221 217 3282 Comtme
242 3223 403 3302 Pergami,
427 3223 583 3294 Potestas,
609 3225 746 3284 Autiani
770 3238 801 3284 et
826 3225 995 3303 Sapientes
1027 3225 1225 3306 presidentes
1251 3247 1302 3287 ne·

65 3340 161 3417 gotiis
185 3339 344 3398 Comanis
376 3342 524 3419 Pergami
557 3356 714 3422 perpetuo
746 3356 901 3420 reputant
932 3363 961 3403 se
985 3343 1134 3403 astrictos
1162 3358 1192 3403 et
1216 3343 1302 3403 obli-

67 3471 158 3534 gatos
182 3456 220 3514 ad
245 3477 358 3517 eorum
386 3458 585 3537 beneplacita
618 3472 647 3517 et
677 3458 822 3526 servitia,
845 3472 875 3518 ct
900 3459 939 3517 ad
963 3479 997 3518 ea
1024 3458 1170 3519 facienda
1196 3475 1226 3520 et
1251 3481 1302 3520 ex-

68 3571 230 3651 plicanda,
254 3573 433 3632 secundum
459 3593 556 3653 posse,
581 3588 727 3634 asserunt
752 3596 782 3634 se
807 3590 948 3654 paratos.

146 3753 147 3756 Ἴ
189 3689 235 3766 13]
262 3689 340 3748 ltem
368 3689 482 3750 debeat
504 3710 626 3769 rogare,
644 3691 856 3769 inquantum
875 3706 991 3771 potest,
1013 3693 1116 3752 dictos
1140 3692 1302 3753 Dominos

66 3827 100 3864 es
121 3822 211 3885 parte
226 3807 449 3885 predictorum
468 3807 679 3869 ‹lorninorum
699 3808 884 3876 Potestatis,
909 3811 1144 3878 Antiauorum,
1167 3810 1302 3890 Sapien·

68 3937 137 3980 tum
162 3938 191 3982 et
217 3923 378 3983 (Inmunis
404 3924 562 4003 Pergami,
586 3925 673 4003 quod
697 3927 721 3983 si
746 3925 921 4004 contigerit
947 3926 1073 4004 aliquos
1097 3926 1303 3986 adversarios

68 4037 228 4095 Comanis
244 4036 391 4115 Pergami
411 4040 521 4099 venia·
540 4041 570 4099 iu
590 4040 741 4099 districtu
761 4040 921 4119 Pergami,
945 4041 1031 4120 quod
1049 4041 1135 4101 Deus
1158 4054 1302 4113 avertat,

68 4154 191 4231 placeat
217 4155 333 4213 eisdem
361 4156 510 4215 Dominis
528 4157 608 4216 selle
628 4157 715 4216 dicto
740 4157 883 4216 (Ionmni
905 4158 1055 4238 Pergami
1079 4176 1251 4218 sucurrere
1268 4172 1298 4218 et

68 4272 172 4348 ipsum
188 4269 338 4330 Coumne
357 4273 503 4349 Pergami
522 4288 552 4332 ct
572 4274 729 4334 Homines
752 4274 896 4333 ciritatis
913 4276 1053 4334 eiusdem
1071 4292 1167 4353 supet
1183 4294 1299 4334 eorum

68 4387 224 4447 mliurare
247 4389 409 4457 districtu,
434 4391 472 4448 ad
497 4411 607 4449 eorum
633 4391 864 4451 detensionem.

148 4506 188 4564 lit
212 4507 358 4584 exposito
375 4522 404 4566 et
424 4522 559 4567 rmrrato
577 4528 630 4587 per
648 4508 819 4568 domiuum
845 4509 1066 4588 Capitaneum
1091 4507 1179 4586 quod
1200 4526 1300 4587 super

66 4621 281 4701 ‹tcctrpationc
307 4622 450 4680 lluruinis
476 4623 553 4682 Padi
581 4625 661 4683 lacta
696 4645 749 4703 per
781 4625 952 4683 clorninum
979 4625 1155 4686 albertum
1178 4637 1210 4684 et
1234 4621 1307 4684 Co-
