2850 4776
101 406 160 481 264
403 421 572 462 nnrazrosu
596 422 655 462 raa
679 422 808 464 vraoua
832 422 850 462 r:
874 415 1043 464 aaarovs'

98 637 267 717 cadragus,
298 636 442 698 sindicus
474 650 505 697 et
528 650 745 717 procurator,
778 650 809 697 et
841 636 1019 698 sindicario
1041 652 1073 699 et
1097 639 1332 718 procuratorio

100 755 234 816 nomine
256 755 482 836 predictorum
499 753 713 814 dominorum
737 753 847 813 Zilioli
864 756 1044 834 potestatis,
1068 754 1260 816 Bardelloni
1283 775 1333 817 ca·

97 872 222 950 pitanei
247 870 395 950 perpetui
420 870 558 932 Mantue
572 884 604 931 et
622 870 787 930 Botexelle
807 885 837 930 et
855 868 1016 931 Comanis
1038 885 1069 932 et
1094 871 1332 932 Universitatis

98 989 246 1059 Mantue,
258 988 397 1048 vicissim
411 987 498 1048 inter
512 1007 544 1048 se
556 987 764 1055 innovantes,
781 986 997 1048 reformantes
1016 987 1098 1048 etde
1115 1007 1202 1049 novo
1218 989 1333 1050 incuu-

100 1123 168 1177 tes,
197 1104 430 1166 contrahentes
461 1119 492 1165 et
523 1103 676 1165 facientes
705 1123 815 1184 pacem
849 1117 880 1165 et
912 1104 1121 1165 concordiam
1150 1106 1331 1166 secundum

100 1224 240 1283 formam
265 1221 490 1301 prescriptam,
509 1219 647 1280 solemni
663 1219 890 1300 stipulatione,
912 1220 1053 1280 vicissim
1071 1222 1277 1300 promittunt
1300 1236 1330 1282 et

99 1342 133 1400 in
157 1339 285 1400 animas
308 1337 531 1419 predictorum
555 1337 766 1398 dominorum
784 1338 844 1415 [et]
860 1336 1076 1409 Comunium,
1091 1357 1235 1418 quorum
1252 1357 1330 1399 sunt

100 1470 329 1536 procuratores
351 1470 381 1515 et
404 1454 531 1524 sindici,
554 1456 749 1514 iuraverunt
774 1454 813 1514 ad
836 1468 948 1514 sancta
975 1455 1032 1514 Dei
1049 1455 1241 1535 Evangelia,
1263 1474 1333 1514 cor-

100 1572 257 1655 poraliter
274 1572 370 1632 tactis
387 1572 577 1652 Scripturis,
600 1571 770 1632 attendere
785 1585 816 1632 et
840 1570 1079 1631 inviolabiliter
1092 1585 1251 1651 perpetuo
1276 1572 1334 1631 ob-

99 1709 227 1749 servare
250 1700 281 1748 ct
306 1707 478 1767 nunquam
503 1688 727 1748 contrafacere
751 1688 800 1747 vel
825 1687 936 1748 venire
961 1687 993 1746 in
1023 1687 1136 1766 aliquo
1160 1687 1257 1748 modo
1280 1689 1330 1748 vel

102 1804 244 1885 iugenio,
266 1823 320 1865 seu
345 1823 452 1873 causa,
468 1804 527 1863 sub
545 1824 626 1884 pena
647 1804 728 1864 etin
747 1823 828 1884 pena
854 1802 956 1862 trium
974 1804 1102 1863 milium
1118 1802 1330 1864 marcharum

100 1922 239 2000 argenti,
262 1940 336 1980 cum
360 1919 479 1979 dannis
501 1920 656 1979 omnibus
681 1933 712 1980 et
735 1920 892 1999 expensis.
1000 1920 1075 1992 Que
1098 1939 1181 1999 pena
1205 1920 1243 1979 ad
1266 1919 1334 1980 sin·
1380 1994 1383 2000 .

102 2038 179 2117 gula
203 2036 362 2116 capitulla
386 2035 603 2104 referrantur,
625 2051 656 2095 et
681 2055 739 2114 pro
761 2036 898 2113 singulis
920 2035 1087 2114 capitellis
1108 2055 1174 2095 non
1196 2035 1335 2095 servatis

100 2153 245 2233 predicta
269 2172 353 2232 pena
375 2152 604 2211 committetur
626 2166 656 2211 et
681 2152 746 2231 peti
762 2165 792 2211 et
810 2151 893 2231 exigi
919 2153 1016 2232 possit
1038 2152 1135 2211 semel
1156 2167 1187 2213 et
1211 2152 1334 2232 pluries

98 2270 395 2350 quocienscumque
418 2283 532 2328 contra
551 2269 694 2348 predicta
714 2270 762 2328 rel
786 2269 920 2348 aliquod
946 2268 1169 2348 predictorum
1194 2284 1332 2330 ventum

99 2407 152 2446 scu
168 2387 291 2446 factum
309 2386 418 2453 fuerit,
435 2385 754 2463 predictisomnibus
770 2399 801 2444 et
815 2386 952 2464 singulis
976 2405 1062 2464 pace,
1085 2384 1188 2466 pactis
1210 2399 1240 2446 et
1257 2405 1335 2446 con-

99 2502 315 2563 venciunibus
334 2504 367 2560 in
381 2520 437 2560 sua
456 2500 612 2561 firmitate
629 2501 838 2573 elatrantibus,
854 2522 927 2562 cum
944 2523 979 2562 ea
997 2503 1221 2582 stipulatione,
1240 2523 1336 2583 pena,

101 2616 362 2685 renunciatione,
385 2616 575 2695 exceptione
599 2616 664 2675 doli
690 2617 768 2676 mali
792 2632 822 2676 et
843 2618 874 2676 iu
895 2617 1016 2677 lactum
1041 2618 1241 2688 conditione,
1264 2618 1336 2678 sine

101 2755 196 2795 causa
222 2735 270 2793 rel
295 2755 332 2794 cx
357 2735 480 2793 iniusta
504 2754 610 2804 causa,
633 2749 663 2793 et
690 2735 844 2794 beneficio
864 2735 1086 2794 restitucionis
1105 2735 1137 2794 in
1155 2736 1337 2814 integrum,

100 2850 218 2911 litteris
252 2850 435 2928 impetratis
457 2865 487 2909 et
512 2851 738 2929 impetrarulis,
760 2866 790 2910 et
817 2849 970 2910 laerrelitio
1002 2850 1176 2910 cuiuslibet
1201 2851 1280 2929 legis
1303 2865 1335 2911 et

100 2967 245 3036 canionis,
259 2982 289 3025 et
313 2967 447 3024 cuilibet
465 2966 518 3036 alii
545 2966 619 3035 iuri,
634 2986 687 3044 per
702 2966 789 3044 quod
803 2965 865 3024 dici
890 2968 938 3026 vel
956 2966 1022 3024 lieri
1039 2967 1089 3024 rel
1112 2965 1217 3025 veniri
1236 2967 1336 3045 possit

101 3097 217 3142 contra
233 3082 411 3160 predictam
430 3084 570 3161 l'pacenil
588 3082 635 3140 rel
650 3081 784 3161 aliquod
802 3081 1035 3161 predictorum.
1053 3081 1115 3139 Pro
1131 3081 1252 3160 quibus
1266 3100 1339 3141 orri-

102 3198 198 3256 nibus
221 3212 251 3255 ct
273 3197 411 3276 singulis
435 3197 562 3275 plenius
595 3197 803 3257 attendendis
826 3211 856 3256 ct
880 3196 1091 3255 observandis
1114 3194 1251 3275 predicti
1275 3197 1339 3255 siu·

100 3314 162 3373 dici
187 3328 218 3372 et
242 3328 481 3393 procuratores,
504 3313 680 3371 sindicario
697 3328 728 3372 et
746 3315 977 3392 procuratorio
1002 3312 1144 3381 nomine,
1165 3327 1200 3371 ut
1224 3331 1337 3390 supra,

99 3430 331 3507 obligaverunt
348 3429 407 3488 silai
427 3430 565 3488 invicem
583 3432 693 3488 omma
721 3431 804 3487 nom
827 3429 991 3488 dictorum
1016 3428 1233 3497 Commium,
1258 3447 1338 3487 con-

100 3549 274 3608 stituentes
294 3568 324 3605 se
348 3548 547 3606 alterutrum
574 3547 731 3626 possidere
757 3548 802 3604 tel
828 3547 932 3624 quasi.

184 3796 303 3848 Actum
328 3789 360 3848 in
386 3790 455 3848 loco
471 3789 704 3868 suprascripto,
722 3789 925 3867 presentibus
949 3788 1167 3866 prementibus
1184 3787 1263 3846 viris
1287 3788 1339 3847 dc·

106 3906 202 3963 aruns
229 3906 374 3964 loliaune
398 3905 435 3964 de
460 3905 618 3983 l‘regolis,
644 3906 810 3963 lacumiuo
833 3905 870 3963 dc
895 3904 1086 3963 Albertouis
1112 3903 1149 3962 de
1174 3903 1340 3971 Bononia,

104 4021 220 4050 limita
253 4021 281 4050 J,
307 4036 352 4050 ..r
