2858 4792
105 461 144 524 88
406 481 576 524 natazronr
599 481 660 524 aaa
683 479 813 525 venosa
835 483 855 524 a:
879 481 1033 525 usurova

106 713 163 758 nec
174 700 347 761 observare
355 717 364 774 ;
386 713 417 760 et
440 717 456 759 e
478 710 604 769 contra,
619 695 644 758 si
660 697 749 778 quod
764 711 1008 759 sacramentum
1034 695 1118 758 foret
1143 695 1267 758 factum
1284 715 1341 779 per

106 811 292 876 Commune
313 828 344 875 et
368 813 529 875 Homines
552 813 681 874 Verone
703 831 778 876 cum
801 813 915 894 aliquo
938 812 1120 874 Communi
1148 812 1198 874 uel
1227 813 1339 894 aliqua

104 931 264 1012 singulari
287 949 435 1012 persona,
451 949 507 1011 per
519 929 608 1012 quod
624 943 817 992 tenerentur
839 930 1001 992 offendere
1022 929 1210 992 Commune
1223 942 1254 991 et
1272 929 1341 991 Ho-

106 1046 213 1108 mines
236 1047 373 1109 Mantue
396 1059 427 1109 et
450 1049 519 1108 eius
544 1045 723 1118 districtus,
753 1046 804 1107 vel
827 1047 956 1126 aliquas
983 1046 1166 1128 singulares
1188 1061 1342 1127 personas

103 1163 142 1224 de
162 1161 302 1224 Mantua
318 1177 348 1224 et
367 1163 564 1234 Mantuana,
577 1161 620 1225 sit
641 1179 767 1224 cassum
783 1176 814 1223 et
831 1177 955 1224 vanum
969 1167 1029 1239 (a).
1086 1163 1128 1224 Et
1151 1163 1213 1225 isto
1222 1163 1269 1239 (ir)
1289 1183 1339 1224 sa-

104 1292 274 1342 cramento
296 1279 383 1361 pacis
398 1291 575 1341 teneantur
598 1279 653 1340 illa
675 1291 880 1341 sacramenta
910 1297 976 1341 non
998 1280 1177 1351 attendere,
1201 1299 1258 1342 nec
1282 1281 1341 1342 ob-

102 1415 242 1468 servare,
262 1398 355 1458 salvo
378 1393 534 1458 beneficio
556 1396 644 1477 pacis
660 1396 743 1458 facte
761 1396 847 1457 inter
869 1395 1043 1457 Mantuam
1067 1407 1099 1456 et
1121 1394 1334 1466 Cremonam,

102 1513 149 1574 ita
172 1513 261 1594 quod
281 1531 348 1574 non
365 1511 422 1574 liat
445 1509 662 1594 preludicium
686 1510 868 1574 Communi
885 1525 916 1573 et
934 1509 1136 1574 Hominibus
1159 1511 1289 1573 Verone
1304 1525 1338 1573 et

104 1627 310 1690 Veronensis.

183 1745 226 1805 Et
249 1744 290 1806 ad
313 1745 575 1825 promittendum
601 1745 735 1806 nomine
757 1758 788 1805 et
813 1743 881 1806 uice
903 1744 989 1805 dicte
1012 1743 1197 1835 Potestatis,
1214 1743 1335 1826 Populi

102 1873 133 1922 et
156 1859 353 1922 Communis
374 1873 405 1922 et
431 1857 616 1922 Hominum
640 1859 769 1921 Verone
791 1874 822 1921 et
841 1861 882 1921 ad
899 1860 1080 1922 iurandum
1103 1877 1201 1940 super
1218 1878 1334 1923 eorum

102 1977 230 2039 animas
245 1975 426 2039 Communi
442 1989 474 2038 et
492 1973 693 2037 Hominibus
717 1977 855 2038 Mantua
877 1978 928 2037 vel
950 1995 1065 2038 eorum
1087 1975 1230 2046 sindicis,
1244 1990 1332 2037 acto·

103 2092 203 2163 ribus,
226 2092 366 2164 nunciis,
397 2093 447 2153 vel
477 2093 749 2173 procuratoribus
779 2093 819 2153 ad
850 2092 910 2154 hoc
939 2092 1123 2173 specialiter
1145 2092 1337 2154 constitutis

103 2208 153 2269 vel
175 2207 426 2278 constituendis,
447 2208 536 2289 quod
560 2207 667 2269 dictus
691 2208 837 2270 Potestas
867 2209 987 2290 Populi
1004 2223 1035 2270 et
1053 2209 1118 2290 ipse
1133 2208 1281 2290 Populus
1303 2225 1335 2270 et

102 2322 288 2384 Commune
310 2338 341 2385 et
366 2321 525 2384 Homines
547 2322 677 2384 Verane
700 2323 871 2385 habebunt
895 2338 1054 2404 perpetuo
1077 2323 1207 2386 firmam
1231 2337 1263 2385 et
1284 2343 1337 2385 ra-

102 2451 173 2499 tum
197 2437 377 2519 predictam
400 2456 512 2519 pacem
543 2453 574 2501 et
605 2439 827 2501 remissionem
858 2455 888 2502 et
920 2459 986 2501 non
1010 2440 1274 2513 contravenient,
1302 2454 1335 2502 et

101 2553 259 2636 recipient
281 2555 421 2616 similem
446 2555 693 2635 promissionem
717 2558 815 2636 pacis,
849 2555 922 2616 linis
945 2572 976 2618 et
999 2556 1206 2627 remissionis,
1233 2570 1264 2617 et
1287 2575 1337 2616 sa-

100 2685 308 2732 cramentum
326 2693 343 2733 a
361 2671 541 2733 Communi
558 2686 589 2733 et
607 2671 810 2732 Hominibus
835 2673 983 2744 Mantue,
1003 2673 1053 2732 vel
1070 2672 1111 2732 ab
1135 2690 1250 2733 eorum
1273 2673 1334 2732 sin·

100 2786 189 2857 dicis,
212 2788 378 2846 actoribus
400 2801 431 2847 et
455 2787 726 2866 procuratoribus
742 2787 781 2847 ad
799 2787 860 2848 hoc
875 2787 1059 2868 specialiter
1074 2786 1263 2878 constitutis
1277 2805 1333 2847 seu

100 2901 359 2976 constituendis;
382 2916 412 2962 et
437 2902 476 2962 ad
500 2903 676 2963 dicendum
699 2917 730 2964 et
755 2903 942 2964 laciendum
967 2904 1000 2963 in
1017 2902 1171 2983 predictis
1193 2917 1224 2964 et
1247 2905 1332 2963 circa

100 3015 257 3097 predicta,
279 3036 342 3097 que
366 3019 542 3078 necessaria
571 3032 601 3078 et
630 3019 727 3078 utilia
756 3018 891 3091 fuerint,
919 3019 1151 3100 promittentes
1179 3018 1334 3099 predictis

99 3131 243 3193 dominis
265 3132 364 3193 Petro
388 3134 499 3194 Mucio
521 3148 552 3194 et
578 3133 744 3209 Rucerino
767 3136 972 3216 presentibus
998 3150 1028 3197 et
1058 3134 1160 3195 miclri
1191 3134 1334 3204 notaria,

55 3287 60 3298 ·
100 3249 234 3308 nomine
256 3263 287 3308 et
320 3249 538 3310 vicedomini
571 3249 705 3311 Henrici
737 3251 875 3331 predicti
905 3252 1058 3322 absentis,
1083 3266 1114 3312 et
1139 3251 1274 3311 nomine
1300 3265 1332 3312 et

99 3364 168 3426 vice
192 3364 388 3426 Communis
403 3379 433 3425 et
452 3365 637 3427 Hominum
663 3368 811 3437 Mantue,
826 3387 856 3427 se
873 3366 1006 3426 firmum
1027 3382 1057 3427 et
1075 3379 1185 3426 ratum
1210 3366 1332 3427 habere

97 3497 128 3542 et
152 3495 262 3542 tenere
277 3495 308 3541 et
325 3500 391 3541 nou
409 3483 640 3544 contravenire
656 3483 815 3563 quicquid
839 3484 897 3562 ipsi
922 3483 1066 3544 dixerint
1090 3498 1121 3543 et
1140 3481 1275 3543 fecerint
1295 3483 1330 3544 in

98 3597 250 3676 predictis
273 3612 304 3658 et
327 3597 411 3657 circa
436 3599 591 3677 predicta.

178 3719 278 3774 Anno
310 3713 445 3774 Domini
476 3715 649 3774 millesimo
680 3715 902 3775 ducentesimo
929 3715 1202 3794 quinquagesimo
1231 3734 1329 3784 nono,

98 3827 262 3890 indicione
284 3829 435 3890 secunda.

177 4017 259 4077 EGo
282 4017 506 4078 Thomasinus
535 4019 573 4078 de
602 4019 838 4098 Raymoudino
856 4020 1005 4079 notarius
1028 4017 1153 4079 domini
1180 4019 1204 4078 F
1211 4019 1248 4080 R.
1272 4017 1330 4078 im·

97 4132 255 4208 potatoris
278 4132 416 4192 interlui
439 4148 470 4193 et
495 4148 626 4212 rogatus
649 4133 771 4213 scripsi.

176 4299 258 4360 EGo
283 4301 442 4362 l'iraldus
458 4302 584 4363 domini
603 4304 775 4365 Graciudei
793 4307 872 4364 sacri
892 4307 1006 4386 palacii
1034 4307 1184 4367 notarius
1207 4303 1328 4363 instru-

95 4431 241 4462 ΠῚΡΠΤΗΠἹ
270 4417 451 4462 ἣΓΡᾹῖνῒΗΠἹ
480 4420 518 4462 fris
544 4420 711 4462 ararnrrrr'nn
734 4421 917 4462 memmiae?
