2874 4748
70 474 126 535 358
370 493 541 535 nrrrxzroxr
566 494 626 533 rna
650 493 777 535 vanoxx
803 495 821 534 a
846 493 997 535 naurova

68 706 215 775 testibus,
228 719 258 766 et
282 704 354 784 alijs
377 706 500 767 multis.
583 708 611 769 (Ι
638 706 778 767 lllustris
799 720 830 767 et
854 703 1047 785 magnificus
1070 705 1120 765 vir
1143 704 1300 767 dominus

68 821 182 899 Obico‚
200 822 257 883 Dei
281 823 387 902 gratia
411 823 553 884 Estensis
568 837 598 884 et
616 822 850 884 Anconitanus
872 821 1030 892 marchio,
1053 822 1166 882 volens
1188 822 1298 883 vivere

65 933 245 996 secundum
260 935 362 1018 legem
380 954 563 1007 romanam,
585 936 791 1000 confessuset
807 948 985 997 contentus
1009 935 1071 996 fuit
1089 955 1120 995 se
1137 935 1171 995 in
1188 935 1295 997 dotem

25 1050 28 1056 ’
66 1063 97 1113 ct
120 1050 205 1112 dotis
229 1053 362 1114 nomine
385 1051 535 1115 habuisse
558 1068 590 1117 et
614 1054 775 1135 recepisse,
788 1066 819 1115 ct
843 1052 877 1114 in
901 1053 1041 1114 veritate
1064 1052 1184 1114 habuit
1205 1065 1236 1114 et
1252 1072 1299 1114 rc·

65 1169 161 1247 cepit,
184 1167 216 1227 in
244 1168 405 1245 presencia
429 1169 493 1228 mei
517 1169 638 1248 notarij
653 1183 685 1230 et
701 1168 866 1230 dictorum
891 1168 1035 1239 testium,
1058 1169 1148 1230 mille
1162 1183 1296 1232 centum

65 1283 311 1365 quinquaginta
335 1286 486 1344 marchas
508 1287 646 1365 argenti,
669 1285 709 1346 ad
734 1285 899 1345 racionem
916 1284 1025 1345 decem
1048 1284 1211 1346 librarum
1239 1284 1297 1344 Ve-

66 1399 256 1459 ronensium
282 1418 340 1479 pro
362 1401 511 1480 qualibet
534 1402 680 1472 marcha,
704 1403 790 1462 inter
812 1401 964 1463 denarios
985 1413 1017 1461 et
1040 1420 1089 1460 res
1111 1400 1297 1470 extimatas,

66 1516 216 1576 videlicet
231 1516 322 1576 mille
339 1515 487 1577 marchas
506 1520 636 1597 argenti
652 1518 685 1578 in
702 1517 830 1579 florinis
845 1517 931 1589 auri,
943 1531 974 1578 et
989 1516 1130 1597 reliquas
1145 1516 1178 1576 in
1198 1516 1296 1576 rebus

31 1617 36 1633 ⁸
66 1632 244 1693 mobilibus
265 1632 443 1704 extimatis,
459 1654 475 1693 a
493 1633 629 1694 domino
646 1632 823 1694 Castelano
846 1633 885 1693 de
902 1634 1001 1703 Mesa,
1013 1644 1223 1714 procuratore
1240 1650 1295 1691 no-

66 1747 139 1808 bilis
162 1747 225 1808 viri
248 1747 375 1808 domini
392 1749 522 1811 Alberti
538 1748 576 1809 de
592 1750 622 1810 la
640 1749 744 1821 Scala,
767 1751 998 1830 procuratorio
1022 1747 1151 1809 nomine
1170 1765 1294 1827 proco,

66 1865 105 1923 ad
123 1864 332 1945 infrascripta
355 1865 538 1944 specialiter
554 1865 746 1936 constituta,
763 1879 800 1926 ut
816 1878 907 1945 patet
930 1865 1152 1926 instrumento
1172 1861 1295 1942 scripto
1379 1913 1380 1916 ,

65 1999 121 2060 per
144 2000 195 2040 me
212 1980 379 2041 notarium
396 1980 447 2041 dic
463 1981 547 2041 iovis
564 1981 719 2060 vigesimo
731 1995 849 2042 octavo
872 1979 957 2059 iulij,
972 2000 1062 2042 anno
1084 1994 1115 2042 ct
1130 1978 1295 2040 indicione

64 2097 280 2176 presentibus,
301 2098 402 2159 dante
425 2098 494 2158 vice
515 2113 546 2159 et
571 2098 705 2160 nomine
737 2098 817 2158 dicti
840 2097 967 2159 domini
1002 2098 1133 2158 Alberti
1156 2115 1214 2177 pto
1237 2115 1295 2155 sua

65 2212 132 2274 filia
157 2213 291 2274 domina
316 2213 569 2285 Constantiaet
593 2214 634 2274 ab
658 2215 724 2294 ipsa
749 2215 883 2275 domina
906 2235 1022 2295 sponsa
1045 2227 1076 2274 et
1101 2233 1201 2274 uxore
1217 2213 1298 2274 dicti

65 2327 192 2388 domini
217 2330 435 2403 biarchioni53
520 2331 716 2392 renuntians
744 2331 928 2412 exceptioni
963 2350 1028 2393 non
1060 2330 1148 2401 date,
1175 2328 1297 2399 habite,

66 2459 249 2515 numerate,
271 2445 392 2506 tradite
409 2460 440 2506 et
456 2447 562 2506 solute
578 2446 674 2517 dotis,
690 2446 756 2508 doli
774 2447 852 2507 mali
871 2463 902 2508 et
919 2447 1092 2517 infactum,
1108 2445 1294 2509 condicioni

64 2559 215 2632 indebiti,
236 2561 305 2621 sine
327 2581 422 2621 causa
447 2563 496 2622 vel
519 2562 641 2622 iniusta
666 2583 772 2632 causa,
795 2578 826 2623 et
849 2564 1003 2624 omnibus
1025 2562 1097 2643 alijs
1118 2561 1251 2623 iuribus
1265 2575 1295 2622 et

64 2676 312 2757 exceptionibus
330 2679 356 2737 ci
374 2678 638 2758 competentibus
654 2679 692 2739 de
710 2679 781 2739 iurc
799 2680 847 2739 vel
864 2680 903 2740 de
920 2679 1025 2753 fact0;
1102 2678 1298 2759 competitu-

65 2814 115 2853 ras
132 2813 208 2854 vero
223 2794 312 2854 dicto
328 2796 535 2875 procuratori
553 2816 612 2876 pro
628 2797 716 2856 dicto
732 2797 868 2857 domino
885 2798 1023 2857 Alberto
1040 2809 1071 2857 et
1085 2795 1145 2874 ipsi
1162 2795 1298 2856 domine

64 2908 259 2971 Constantie
284 2930 338 2989 per
362 2926 494 2991 pactum
518 2932 704 2991 expressum
730 2913 865 2973 remisit.
948 2910 1076 2973 Contra
1092 2931 1191 2993 quam
1217 2931 1298 2972 vero

64 3025 172 3084 dotem
195 3024 303 3085 dictus
325 3026 479 3086 dominus
503 3027 663 3095 Marcbio,
688 3027 822 3087 nomine
844 3027 1036 3087 donacionis
1058 3038 1189 3107 propter
1214 3045 1299 3106 nup·

67 3141 137 3208 tias,
162 3140 330 3200 investivit
356 3140 480 3201 dictum
511 3157 758 3223 procuratorem
777 3144 902 3204 domini
920 3143 1060 3216 Alberti,
1074 3162 1131 3223 pro
1154 3160 1201 3213 eo,
1220 3161 1298 3222 pro-

63 3257 231 3316 curatorio
255 3259 398 3329 nominc,
421 3273 452 3319 ct
476 3260 597 3320 dictam
623 3260 792 3321 dominam
818 3260 1064 3330 Constanciam,
1088 3260 1126 3320 de
1147 3258 1215 3319 suis
1242 3259 1299 3318 bo-

65 3374 198 3450 nisque
222 3374 353 3432 valeant
377 3375 498 3436 dictam
516 3377 624 3436 dotem
650 3391 680 3436 et
706 3377 933 3448 donacionem,
956 3377 989 3437 in
1013 3395 1125 3438 eorum
1150 3377 1300 3455 optione,

64 3491 265 3568 ubicumque
287 3510 318 3549 sc
341 3505 449 3550 tenere
473 3493 649 3561 voluerint,
675 3494 705 3551 in
731 3492 873 3569 denariis
897 3493 946 3552 vel
970 3492 1002 3551 in
1028 3491 1133 3552 rebus.
1218 3491 1299 3551 Tali

63 3620 159 3684 pacto
184 3608 269 3665 facto
293 3607 378 3666 inter
402 3607 527 3667 dictum
552 3608 725 3668 dominum
751 3609 978 3669 biarclrionem
1001 3629 1039 3668 ex
1064 3627 1129 3667 una
1154 3622 1251 3688 parte
1266 3622 1299 3669 et

62 3722 187 3779 dictum
207 3738 453 3799 procuratorem
473 3723 599 3782 domini
614 3724 742 3783 ¹ilberti
761 3743 819 3802 pro
838 3744 884 3793 en,
902 3721 1132 3803 procuratorio
1149 3721 1299 3791 nomine,

62 3850 92 3894 et
116 3837 237 3895 dictam
262 3837 431 3896 dominam
456 3837 691 3898 Constantiam
710 3859 745 3897 cx
766 3840 878 3908 altera,
897 3837 1022 3917 arquis
1044 3856 1159 3897 eorum
1182 3838 1297 3916 sponsi

62 3966 92 4010 ct
116 3972 228 4031 sponse
250 3954 479 4032 supervixerit,
501 3957 569 4014 sine
594 3955 667 4028 tiliis
690 3956 897 4024 comunibus,
921 3953 1042 4013 lucrari
1065 3952 1180 4012 debeat
1205 3952 1301 4013 mille

61 4066 161 4127 libras
185 4090 375 4129 verrmcnscs
398 4091 434 4128 cr
461 4072 527 4149 ipsa
553 4071 627 4130 dote
653 4073 699 4131 vel
724 4071 916 4131 dornrcioue.
1024 4068 1133 4140 Quam
1159 4067 1298 4147 quidem
1336 4083 1351 4095 ¹

61 4183 297 4260 quantitatem,
320 4185 405 4243 dotis
428 4187 571 4252 nomine,
603 4187 665 4245 iam
698 4202 871 4264 receptam,
894 4185 1000 4245 dictus
1029 4183 1183 4243 dominus
1209 4183 1302 4243 Mar·

62 4298 135 4358 ebio
160 4300 328 4361 restituere
353 4302 501 4380 promisit
526 4303 613 4361 dicto
637 4303 845 4381 procuratori
870 4301 997 4361 domini
1017 4299 1156 4367 Alberti,
1181 4318 1301 4378 procu-

62 4415 187 4474 ratorio
222 4417 352 4475 nominc
379 4439 436 4497 pro
458 4440 495 4476 eo
518 4433 547 4477 et
573 4419 656 4478 dicte
689 4418 821 4476 domine
855 4416 1063 4485 Constantic,
1096 4415 1129 4474 in
1159 4433 1299 4475 omnem

62 4549 173 4589 casura
198 4545 227 4589 ct
253 4548 405 4589 exeritum
434 4534 632 4592 restituendo
657 4533 751 4592 dotis.
853 4533 898 4591 lta
924 4547 1032 4592 tamen
1057 4529 1145 4610 quod
1170 4549 1303 4610 premo-

62 4650 165 4706 rieutc
200 4647 283 4706 dicti
320 4648 453 4707 domina
490 4650 699 4715 ‹luuram-n.
730 4650 921 4708 ortantibus
945 4648 1052 4708 liberis
1086 4645 1303 4716 comunibus,
