2874 4748
36 469 92 534 362
338 492 507 533 nnnrzrorr
530 493 591 534 rna
614 493 742 536 venons
766 495 783 534 u
807 493 958 534 naurovn

32 701 229 782 exceptioni,
240 717 272 764 et
295 701 430 764 cuilibet
446 701 501 782 alii
517 703 712 784 exceptioni,
728 703 919 774 defensioni,
937 701 1116 786 negationi,
1132 700 1215 764 iuris
1229 715 1259 763 et

34 817 122 888 facti,
142 817 272 898 speciali
295 831 326 880 et
348 818 501 897 generali,
516 832 547 879 et
570 820 662 881 omni
678 817 733 898 alii
756 821 833 890 iuri,
850 819 959 900 legum
981 832 1012 880 et
1037 836 1113 880 usus
1134 816 1261 880 auxilio

35 933 245 996 renunciavit
267 934 352 994 idem
375 933 529 995 dominus
552 933 665 996 Guido
685 935 836 996 sollemni
858 935 1076 1016 stipulacione
1098 952 1159 1015 pro
1179 953 1212 994 se
1231 947 1264 1022 et

33 1049 100 1110 suis
121 1047 304 1118 heredibus,
327 1047 507 1129 promitens
528 1048 623 1109 dictis
645 1049 780 1110 domino
804 1050 943 1112 Alberto
964 1064 995 1110 et
1019 1049 1153 1112 domine
1175 1048 1264 1110 Con-

33 1166 167 1237 stancie,
182 1185 241 1248 pro
255 1185 287 1226 se
297 1178 329 1226 et
343 1165 409 1226 suis
431 1164 604 1226 heredibus
620 1166 866 1248 recipientibus,
889 1167 1069 1238 restituere,
1080 1166 1264 1228 secundum

35 1302 158 1344 morem
181 1297 213 1344 et
235 1282 506 1344 consuetudinem
534 1281 680 1344 civitatis
704 1283 831 1345 Verone
865 1283 1013 1363 predicto
1044 1282 1184 1346 domino
1206 1283 1265 1344 Al-

34 1402 127 1462 berto
150 1418 209 1479 pro
231 1400 298 1479 ipsa
331 1399 467 1460 domina
491 1398 701 1470 Constancia,
724 1413 782 1460 aut
805 1400 869 1481 ipsi'
891 1399 1026 1462 domine
1053 1399 1264 1470 Constantie,

33 1516 83 1577 vel
106 1518 252 1596 ipsorum
273 1514 452 1596 coniugum
475 1515 673 1577 comunibus
695 1515 815 1588 liberis,
833 1530 890 1578 aut
906 1517 958 1577 cui
975 1517 1025 1577 ius
1046 1531 1078 1579 et
1100 1535 1195 1578 casus
1209 1517 1262 1578 de·

33 1633 143 1693 derint
166 1633 200 1692 in
222 1651 354 1694 omnem
374 1646 530 1693 eventum
554 1633 640 1694 dotis
663 1633 874 1704 restituende,
897 1633 1020 1696 dictam
1043 1632 1167 1706 dotem,
1188 1653 1259 1694 curn

24 1748 243 1824 ‚restitutione
258 1748 409 1809 omnium
423 1767 640 1828 expensarum
652 1762 683 1810 et
697 1750 758 1810 sub
772 1751 934 1812 bonorum
957 1768 1094 1812 suorum
1110 1750 1257 1812 omniurn

36 1865 106 1926 iure
127 1864 273 1946 pignoris
294 1864 506 1944 obligatione,
530 1863 590 1926 hoc
619 1878 724 1945 pactu,
746 1865 936 1928 conditione
966 1880 997 1928 et
1026 1867 1106 1946 lege,
1128 1865 1205 1928 actis
1226 1876 1258 1924 et

35 1980 127 2042 initis
148 1981 234 2042 inter
255 1981 360 2042 dictos
381 1981 613 2042 contrahentes
628 1982 812 2062 expressim,
834 1982 968 2062 quodsi
990 1982 1140 2062 prefatus
1160 1980 1261 2043 dorni·

36 2117 97 2158 nus
120 2096 232 2160 Guido
249 2116 313 2157 non
331 2111 585 2177 consequeretur
601 2110 632 2159 et
649 2117 715 2160 non
738 2097 880 2178 exigeret
899 2097 987 2160 dicta
1010 2097 1159 2179 quinque
1171 2097 1261 2160 milia

35 2214 208 2284 librarum,
229 2231 266 2274 eo
288 2231 363 2274 casu
378 2232 445 2274 non
463 2226 640 2274 teneantur
663 2213 727 2292 ipse
750 2213 904 2274 dominus
928 2212 1042 2275 Guido
1064 2227 1096 2275 et
1119 2214 1188 2276 eius
1211 2213 1264 2276 he-

35 2331 122 2390 redes
142 2330 185 2404 ad
210 2329 455 2409 promissionem
480 2329 699 2390 restitutionis
722 2329 865 2409 predicte
890 2331 1093 2410 quantitatis
1115 2330 1264 2411 quinque

35 2446 164 2507 milium
197 2445 371 2515 librarum,
392 2460 438 2506 set
472 2446 513 2504 ab
536 2466 571 2506 ea
596 2446 809 2526 promissione
841 2447 1063 2508 restitutionis
1095 2447 1264 2509 dictorum

34 2562 183 2641 quinque
206 2561 335 2621 milium
360 2560 519 2622 librarum
537 2573 567 2622 et
584 2561 625 2622 ab
647 2562 801 2622 omnibus
823 2575 854 2623 et
873 2562 1011 2642 singulis
1032 2563 1156 2643 quibus
1177 2577 1266 2625 tene·

36 2679 181 2756 reln]tur
203 2677 269 2757 ipse
291 2676 445 2737 dominns
468 2677 580 2738 Girido
602 2693 633 2737 et
658 2677 788 2738 heredes
810 2678 889 2749 eius,
911 2680 1079 2740 occasione
1096 2678 1266 2742 dictorum

35 2791 183 2870 quinque
214 2789 343 2849 milium
379 2790 552 2860 librarum,
583 2790 649 2849 sint
679 2810 715 2849 ex
741 2810 829 2850 nunc
853 2806 951 2870 prout
981 2812 1019 2853 err
1046 2805 1127 2853 tunc
1158 2791 1266 2862 liberi,

35 2907 189 2986 exempti,
212 2907 364 2966 inmunes
396 2921 495 2986 atque
528 2906 670 2966 absoluti
694 2926 754 2986 pro
777 2921 858 2976 toto,
879 2908 904 2967 si
930 2921 1038 2969 totum
1067 2927 1133 2969 non
1155 2926 1265 2968 conse·

35 3036 191 3104 queretur
213 3035 244 3084 et
269 3042 334 3082 non
357 3022 509 3102 exigeret,
542 3023 592 3082 vel
614 3042 673 3102 pro
697 3038 767 3083 rata
791 3023 898 3084 dictus
920 3025 1075 3086 dominus
1097 3022 1209 3086 Guido
1231 3035 1263 3083 et

37 3141 167 3203 heredes
189 3140 267 3201 eius.
351 3139 425 3212 Que
447 3139 558 3200 omnia
582 3152 612 3199 et
635 3139 763 3218 singula
788 3155 918 3220 peracta
942 3155 973 3201 et
995 3141 1157 3202 celebrata
1181 3138 1264 3200 exti-

36 3272 149 3320 terunt
172 3277 281 3318 coram
307 3255 466 3336 presentia
497 3255 626 3315 discreti
660 3257 723 3316 riri
754 3256 880 3316 domini
907 3257 1039 3338 blaphei
1063 3257 1101 3318 de
1125 3255 1265 3317 Michae-

36 3378 123 3437 libus
145 3375 260 3436 iudicis
283 3373 420 3443 iusticie,
445 3374 581 3433 Mantue
610 3373 761 3441 consulis,
790 3392 881 3433 sunm
906 3374 1094 3434 iudicialem
1122 3374 1266 3434 auctori·

37 3510 137 3556 tatem
161 3506 192 3554 ct
215 3493 387 3553 consulare
408 3492 575 3552 decretum
599 3491 702 3550 exsui
726 3493 916 3551 consulatus
934 3492 1042 3553 officio
1063 3491 1220 3553 omnibus
1235 3504 1266 3554 et

36 3609 174 3690 singulis
191 3608 328 3668 annexis
343 3607 374 3667 iu
394 3606 535 3686 presenti
559 3608 781 3666 instrumento
804 3606 1073 3670 inrevocabiliter
1090 3610 1269 3689 prestantis

38 3743 136 3805 atque
159 3726 410 3806 interponentis.

118 3920 239 3974 Actum
264 3926 308 3972 est
333 3913 392 3970 hoc
417 3913 565 3982 blantue,
589 3913 620 3971 in
645 3913 791 3973 (jiritate
814 3912 928 3983 reteri,
943 3912 977 3974 in
1000 3910 1154 3974 domibus
1177 3913 1269 3976 habi·

37 4034 173 4094 tationis
201 4032 280 4092 dicti
311 4031 437 4090 domini
462 4030 636 4099 Guidonis,
660 4031 771 4110 positis
794 4030 827 4090 in
851 4045 1004 4094 contrata
1033 4030 1140 4092 sancti
1167 4031 1269 4100 Petri,

36 4151 86 4210 elie
109 4149 276 4208 dominico
298 4148 516 4208 decimonono
540 4146 655 4206 mensis
681 4145 762 4219 iulii,
785 4166 875 4207 anno
898 4167 915 4208 a
935 4145 1112 4210 nativitate
1132 4145 1269 4208 Domini

38 4265 140 4326 nostri
168 4265 233 4325 lesu
259 4264 394 4334 Christi,
418 4262 576 4322 milesimo
598 4263 821 4321 ducentesimo
836 4262 1048 4344 nonagesimo
1066 4281 1164 4334 nono,
1187 4262 1270 4324 duo·

37 4384 161 4442 decima
185 4381 375 4439 indictione.
460 4379 668 4438 l‘resentibus
700 4379 777 4436 riris
801 4379 1022 4458 prudentibus
1045 4378 1188 4440 dominis
1212 4377 1270 4438 Ni-

38 4502 130 4558 tolno
153 4498 190 4556 de
215 4497 392 4555 ,llternarm
426 4497 530 4570 lecum
566 4496 708 4560 tinctore,
739 4495 873 4555 llntheo
896 4496 934 4557 de
958 4496 1110 4559 Romano
1135 4498 1183 4576 (a)
1206 4495 1271 4557 Co·
