2834 4792
105 475 137 516 12
401 481 570 523 RELAZIONI
594 483 653 522 Fur
676 484 806 526 VERONA
830 486 847 525 Ε
871 486 1023 527 uturovn

100 579 284 591 --—-——

99 689 208 769 quiete
221 690 350 765 habere,
365 694 509 776 accipere
529 711 561 760 et
577 709 688 758 tenere

99 806 289 887 permittam
308 810 421 874 omnia
444 813 518 875 iura
541 815 687 877 civitatis

98 925 248 1000 Verona,
279 943 312 991 et
339 949 404 1011 que
435 931 553 994 civitas
586 933 688 996 Vero-

98 1061 137 1103 ne
158 1046 329 1106 consuevit
358 1047 478 1110 habere
504 1063 536 1109 et
565 1067 686 1123 tenere,

96 1157 167 1219 iure
188 1177 270 1239 pure
301 1173 333 1221 et
364 1181 451 1223 mere
474 1183 566 1244 pene,
589 1165 685 1227 liceat

97 1272 292 1336 Mantuanis
309 1276 454 1356 predicta
471 1279 539 1340 loca
556 1294 586 1342 et
602 1280 686 1344 iura.

176 1404 207 1451 et
228 1411 287 1471 ego
310 1393 447 1475 Egidius
472 1415 578 1457 comes
600 1411 686 1477 pote·

95 1522 160 1568 stas
185 1509 324 1581 Verone,
352 1524 424 1574 toto
452 1527 600 1594 tempore
622 1501 685 1575 mei

97 1624 275 1704 regiminis,
285 1626 481 1690 iuroomnia
494 1631 684 1712 supradicta

94 1748 268 1811 observare
283 1765 315 1812 et
331 1751 502 1814 attendere
525 1772 585 1834 pro
600 1773 685 1816 com-

95 1861 188 1922 muni
223 1863 351 1926 Verone
383 1879 414 1927 et
448 1882 607 1929 rectorem
632 1870 681 1929 vel

94 1991 232 2039 rectores
256 1980 384 2044 Verone
415 1985 581 2064 sequentis
603 1987 682 2047 anni

94 2091 181 2153 istud
213 2111 459 2158 sacramentum
493 2099 604 2162 iurare
638 2103 683 2162 fa-

92 2206 187 2278 ciam,
209 2222 240 2268 et
265 2209 297 2270 in
320 2212 455 2273 statutis
479 2213 608 2275 Verone
630 2234 683 2295 ap·

92 2343 214 2404 ponere
231 2325 350 2388 faciam
365 2328 544 2408 predictam
560 2349 681 2409 pacem.

90 2453 122 2500 et
145 2442 285 2520 quilibet
311 2459 416 2505 rector
445 2465 500 2506 seu
532 2461 681 2508 rectores,

91 2556 148 2636 qui
172 2577 231 2638 pro
253 2573 401 2640 tempore
415 2562 477 2622 erit
502 2561 551 2622 vel
571 2576 680 2632 erunt,

90 2688 255 2745 teneatur,
287 2676 338 2737 vel
372 2691 549 2738 teneantur
580 2698 679 2759 appo-

90 2811 165 2851 nere
199 2791 231 2852 in
264 2794 479 2854 sacramentis
500 2794 592 2853 illius
615 2814 680 2855 rec-

89 2910 179 2979 toris,
204 2910 252 2969 vel
271 2923 449 2985 rectorum,
465 2913 521 2991 qui
543 2932 618 2974 eum
635 2933 679 2973 se-

88 3037 245 3101 quentur,
275 3023 471 3084 iamdictum
499 3044 678 3084 sacramen-

88 3151 160 3197 turn
178 3139 210 3200 in
229 3155 438 3221 perpetuum,
458 3153 490 3202 et
508 3143 592 3200 bona
617 3139 678 3199 fide

89 3252 206 3315 faciam
237 3255 349 3316 iurare
380 3275 494 3316 omnes
529 3255 678 3316 homines

90 3369 217 3430 Verone
232 3386 264 3432 et
281 3372 451 3432 districtus
466 3373 535 3432 eius
550 3392 579 3431 a.
594 3391 601 3404 ·
616 3392 676 3429 xv·

88 3488 184 3549 annis
198 3508 297 3568 supra
317 3487 486 3568 usquead.
503 3508 509 3521 ·
524 3508 606 3546 Lxx·
628 3508 678 3547 su·

87 3605 270 3685 pradictanr
290 3623 398 3684 pacem
425 3604 457 3664 in
479 3618 674 3684 perpetuum

85 3735 197 3783 tenere
221 3721 362 3782 firmam.

883 697 1001 760 babere
1023 714 1054 760 et
1078 699 1221 780 accipere

742 930 890 1003 Mantue,
921 945 952 992 et
985 950 1049 1012 que
1083 931 1221 993 Mantue
1253 950 1330 992 con·

739 1047 882 1109 sueverit
904 1048 1024 1110 habere
1047 1049 1081 1109 in
1104 1047 1258 1130 predictis
1280 1047 1330 1108 lo-

740 1167 785 1224 cis
795 1178 827 1225 et
838 1184 896 1226 sua
920 1166 1119 1227 auctoritate
1134 1164 1278 1245 accipere
1293 1177 1328 1225 et

741 1280 860 1344 habere
892 1297 923 1345 et
953 1297 1074 1355 tenere,
1095 1282 1167 1343 iure
1190 1301 1272 1362 pure
1295 1296 1328 1342 et

741 1413 827 1457 mere
851 1416 941 1477 pene,
964 1397 1059 1459 liceat
1082 1397 1330 1460 Veronensibus

741 1509 886 1591 predicta
900 1515 972 1574 iura
995 1528 1026 1575 et
1052 1515 1134 1576 loca.
1216 1527 1247 1574 et
1269 1532 1331 1592 ego

741 1626 932 1692 Bonifacius
943 1649 1048 1691 comes
1058 1632 1096 1692 de
1111 1631 1232 1693 Sancto
1243 1631 1331 1690 Mar·

740 1741 822 1813 tino,
839 1744 976 1806 Mantue
993 1759 1144 1826 potestas,
1160 1761 1231 1808 toto
1247 1761 1330 1809 tem-

738 1880 816 1942 pore
838 1863 901 1923 mei
925 1863 1103 1944 regiminis,
1131 1865 1215 1925 sicut
1240 1877 1329 1944 pote·

737 1991 811 2047 stas,
826 1991 857 2038 et
875 1991 946 2059 post
958 1981 1042 2039 sicut
1065 1979 1154 2050 civis,
1171 1980 1246 2041 iuro
1260 1999 1329 2041 orn·

738 2092 792 2152 nia
808 2092 997 2173 supradicta
1020 2113 1212 2155 conservare
1234 2108 1265 2154 et
1282 2108 1329 2155 at·

737 2209 870 2270 tendere
899 2228 959 2289 pro
990 2209 1161 2269 communi
1186 2209 1328 2270 Mantue

736 2340 767 2388 et
790 2346 850 2408 pro
873 2347 932 2397 me,
955 2341 985 2388 et
1009 2342 1167 2388 rectorem
1192 2328 1242 2388 vel
1265 2345 1330 2387 rec·

736 2451 822 2499 tores
844 2441 982 2501 Mantue
996 2442 1162 2520 sequentis
1181 2439 1261 2500 anni
1281 2439 1329 2500 iu·

736 2574 809 2616 rare
824 2554 941 2617 faciam
965 2556 1052 2617 istud
1068 2569 1330 2624 sacramentum,

734 2681 766 2729 et
789 2669 822 2729 in
844 2670 980 2730 statutis
1004 2670 1142 2730 Mantue
1158 2689 1324 2750 apponere

736 2783 852 2843 faciam
871 2783 1053 2864 predictam
1070 2802 1194 2862 pacem.
1207 2797 1238 2843 et
1253 2784 1328 2862 qui·

735 2900 813 2960 libet
832 2915 937 2960 rector
952 2920 1006 2960 seu
1025 2915 1174 2970 rectores,
1189 2901 1248 2980 qui
1266 2920 1328 2981 pro

735 3029 881 3108 tempore
897 3016 957 3074 erit
975 3017 1024 3074 vel
1048 3030 1158 3088 erunt,
1177 3030 1329 3087 teneant,

735 3130 784 3189 vel
813 3144 990 3191 teneantur
1024 3152 1188 3211 apponere
1219 3132 1328 3194 facere

733 3249 916 3328 predictam
935 3271 1057 3330 pacem.
1133 3265 1164 3311 et
1179 3253 1325 3331 quilibet

734 3376 839 3422 rector
854 3383 908 3422 scu
926 3377 1074 3434 rectores,
1087 3366 1145 3445 qui
1169 3385 1229 3444 pro
1246 3381 1328 3427 tenr-

733 3497 810 3555 pore
833 3479 894 3538 erit
919 3480 969 3538 vel
992 3493 1251 3548 erunt,teneant
1273 3484 1326 3542 vel

733 3609 911 3657 teneantur
922 3615 1085 3673 apponere
1095 3597 1127 3656 in
1141 3616 1329 3658 sacramen·

732 3712 774 3771 tis
797 3709 884 3768 illius
908 3709 1040 3768 rectoris
1065 3711 1112 3768 rel
1145 3726 1327 3785 rectorum,

731 3828 789 3908 qui
812 3839 1000 3904 sequentur,
1033 3827 1098 3885 ianr
1122 3827 1250 3888 dictum
1275 3850 1329 3888 sa-

731 3956 952 4005 cramentum.
1049 3957 1079 4000 ct
1098 3943 1181 4003 bona
1200 3943 1262 4004 ride
1281 3945 1326 4006 fa-

730 4060 815 4118 ciam
838 4057 947 4116 iurare
979 4056 1101 4117 dictam
1138 4077 1251 4136 pacem
1286 4062 1322 4121 in

732 4177 927 4248 perpetuum
953 4164 1080 4228 firmam
1105 4183 1216 4231 tenere
1246 4193 1327 4233 onr-

732 4300 787 4340 nes
825 4278 972 4337 homines
1007 4281 1147 4343 Mantue
1183 4300 1214 4344 ct
1252 4287 1327 4347 eius

733 4394 901 4453 districtus
934 4413 949 4450 a
982 4411 1068 4450 ·xv·
1098 4399 1193 4457 annis
1225 4421 1323 4480 supe.
