2874 4748
279 116 447 156 nELazloxl
472 118 530 156 ΗΜ
555 117 681 157 t‘fiuoxa
705 119 724 156 E
748 118 896 158 MANTOVA

1 344 81 387 inem
106 344 288 406 personam.
382 325 518 387 Faciens
540 341 571 387 et
594 327 798 388 constituens
830 327 937 387 dictus
967 327 1181 399 Guiscardus,

0 441 180 503 curatorio
213 441 347 502 nomine
378 441 593 523 supradicto·
610 443 793 523 predictum
817 442 991 504 dominum
1014 444 1181 515 abbatem,

4 559 160 637 ipientem
185 576 244 639 pro
259 577 290 618 se
306 572 336 618 et
353 556 443 619 dicto
465 560 676 629 monasterio,
699 559 860 620 nuncium
877 573 907 620 et
930 575 1179 640 procuratorem

22 695 121 755 quam
147 676 180 735 in
204 695 272 736 rem
296 693 399 745 suain,
424 675 468 736 ita
492 675 580 755 quod
604 677 703 755 possit
726 696 782 757 per
804 697 836 737 se
859 677 908 736 vel
925 676 1005 737 alios
1028 697 1089 759 pro
1112 697 1183 757 pre·
1233 743 1236 751 ⁴

5 793 45 852 tis
66 792 221 853 omnibus
242 804 273 850 et
290 791 427 868 singulis
449 811 553 872 agere,
569 792 720 872 experiri,
742 811 874 852 causare
896 806 927 853 et
950 792 1123 854 defendere
1148 795 1179 851 in

2 909 97 969 libet
117 928 232 988 genere
249 907 373 978 iudicii,
384 907 546 968 ordinarii
562 924 592 969 et
609 908 877 978 extraordinarii,
893 908 1039 988 petitorii
1064 923 1094 968 et
1111 928 1183 988 pos-

0 1026 84 1095 orii,
107 1039 175 1086 tam
189 1025 315 1105 agendo
330 1044 430 1106 quarn
444 1024 659 1093 defendendo,
675 1040 706 1086 et
721 1046 756 1087 ea
773 1025 884 1085 omnia
912 1024 1013 1085 facere
1036 1039 1068 1084 et
1090 1044 1182 1084 exer-

4 1162 20 1202 e
41 1142 321 1221 quemadmodum
335 1141 413 1202 dicti
433 1141 548 1202 fratres
569 1156 732 1221 poterant,
757 1142 920 1228 iaciebant
936 1156 967 1202 et
984 1142 1180 1202 exercebant

12 1271 223 1337 epresentem
239 1258 535 1319 renunciationem.
579 1257 654 1318 Tali
675 1273 771 1338 pacto
784 1257 948 1339 predictus
965 1256 1181 1325 Guiscardus,

0 1374 179 1434 curatorio
203 1374 335 1434 nomine
367 1374 567 1453 supradict0,
596 1374 668 1434 fecit
690 1373 869 1453 predictam
893 1373 1179 1434 renunciationem

1 1490 113 1551 omnia
138 1504 170 1552 et
192 1490 319 1570 singula
346 1490 502 1570 predicta,
524 1491 612 1569 quod
637 1491 743 1550 dictus
769 1490 925 1550 dominus
946 1490 1044 1550 abbas
1067 1508 1127 1568 pro
1150 1511 1182 1548 se

1 1605 92 1666 dicto
114 1606 314 1666 monasterio
337 1606 375 1665 de
400 1607 573 1666 voluntate
595 1606 644 1664 sui
668 1606 804 1685 capituli
830 1620 983 1666 teneatur
1005 1619 1034 1665 et
1062 1605 1191 1665 debeat'

2 1724 94 1784 ilem
116 1723 285 1783 dominam
310 1723 479 1784 dominam
515 1723 662 1783 Viridem
689 1743 821 1783 uxorem
847 1722 1013 1802 magnifici
1038 1722 1101 1782 viri
1125 1721 1182 1782 do·

23 1838 31 1896 i
62 1838 191 1898 Alberti
222 1838 260 1897 de
290 1839 319 1897 la
345 1839 437 1897 Scala
472 1837 683 1925 recipientem
715 1856 773 1915 pro
796 1859 836 1904 se,
865 1837 930 1896 suis
952 1836 1128 1897 heredibus
1149 1851 1180 1896 et

1 1955 194 2023 :cessoribus
206 1955 243 2014 de
268 1954 420 2034 predictis
443 1955 598 2015 omnibus
621 1969 650 2013 et
675 1954 812 2032 singulis
834 1970 864 2013 et
888 1953 1036 2033 quolibet
1058 1953 1183 2033 predic-

7 2091 72 2140 um,
86 2071 156 2131 iure
179 2071 352 2130 locationis
374 2085 404 2130 et
420 2070 518 2141 feudi,
536 2071 699 2131 investire.
784 2073 825 2131 Et
850 2071 993 2149 qualiter
1012 2070 1181 2149 predictus

11 2186 162 2255 iscardus,
176 2187 308 2246 nomine
332 2207 397 2265 quo
419 2207 528 2267 supra,
551 2186 713 2247 confessus
737 2186 799 2246 suit
817 2208 847 2247 se
871 2187 1019 2246 habuisse
1043 2200 1073 2248 et
1098 2206 1182 2247 rece-

0 2325 39 2373 e,
71 2304 188 2363 habuit
211 2319 241 2364 et
267 2304 385 2383 recepit
409 2325 460 2363 sex
496 2304 585 2363 milia
610 2306 810 2383 quingentas
833 2304 933 2362 libras
962 2303 1177 2364 denariorum

17 2420 188 2481 onensium
214 2443 229 2480 a
254 2421 339 2480 dicta
363 2421 498 2480 domina
524 2420 645 2479 Viride.
730 2423 771 2480 Et
795 2420 938 2499 qualiter
966 2419 1074 2479 dictus
1098 2419 1182 2480 Gui-
1217 2463 1220 2467 ·

4 2537 91 2605 rdus‚
105 2537 237 2595 nomine
252 2537 408 2615 predicto,
423 2551 530 2615 postea
545 2537 676 2595 induxit
694 2537 726 2596 in
743 2550 892 2596 tenutam
910 2549 942 2595 et
952 2537 1183 2615 possessionem

1 2652 84 2729 quasi
100 2653 249 2710 omnium
268 2651 501 2730 predictorum,
524 2651 739 2710 Falconetum
766 2651 945 2720 notarium,
968 2650 1131 2709 sindicum
1150 2666 1182 2710 et

1 2767 125 2825 dicario
150 2768 281 2826 nomine
306 2768 404 2846 ipsius
427 2767 552 2827 domini
569 2768 716 2837 ‘abbatis
734 2767 887 2836 fratrum,
900 2766 1037 2845 capituli
1061 2779 1092 2826 et
1109 2784 1183 2824 con·

17 2898 68 2942 tus
92 2883 280 2957 monasterii
307 2883 455 2962 predicti.
539 2883 663 2943 Deinde
686 2883 763 2942 dicti
790 2883 916 2951 fratres,
930 2884 1065 2960 receptis
1087 2881 1187 2941 dictis

26 2999 172 3057 millibus
195 2999 385 3076 quingentis
419 3000 509 3058 libris
542 2998 753 3058 denariorum
791 2997 1029 3058 Veronensium
1054 3017 1071 3056 a
1095 2997 1187 3056 dicto

13 3114 85 3175 tino
111 3115 293 3175 Guiscardo
315 3136 374 3173 suo
397 3131 619 3193 procuratore,
636 3131 664 3174 et
683 3116 815 3195 insuper
829 3115 917 3173 ntiiie
941 3113 1133 3192 quingentis
1149 3114 1188 3172 li-

2 3232 180 3292 seiusdenr
218 3247 347 3291 monete
371 3253 449 3291 a...
473 3247 685 3310 procuratore
718 3248 748 3291 et
785 3229 1014 3310 procuratorio
1049 3228 1188 3289 nomine

2 3350 48 3407 'us
65 3348 195 3408 dornine
213 3348 343 3414 tir-iuis,
361 3368 418 3426 pro
435 3349 542 3425 precio
558 3348 641 3406 dicte
659 3345 930 3413 renunciationis,
952 3343 1039 3422 quod
1058 3364 1091 3402 re
1109 3364 1186 3404 vera

11 3481 81 3524 tuni
101 3465 174 3533 tuit,
198 3464 450 3523 ratiticarerunt
469 3478 499 3522 et
517 3464 785 3541 approbare-runt
805 3459 1091 3519 renunciationem
1118 3478 1189 3537 pre·

4 3599 70 3641 tam
95 3596 124 3641 et
150 3597 263 3641 tenute
287 3596 316 3639 et
342 3580 543 3658 possessionis
561 3579 883 3646 inductionem,cunr
908 3574 1187 3655 suprascriptiset

8 3721 20 3756 s
42 3700 126 3757 circa
153 3699 296 3776 predicta
322 3695 602 3773 contingentibus.
678 3694 810 3762 Deinde,
834 3692 977 3771 qualiter
996 3690 1106 3750 dictus
1129 3692 1189 3751 do-

0 3837 59 3875 rus
82 3818 190 3879 abbas,
214 3831 249 3874 ut
274 3815 405 3878 dicitur.
430 3834 484 3892 per
503 3836 532 3872 se
549 3828 578 3872 et
602 3813 729 3871 dictum
750 3809 997 3877 monasterium,
1022 3807 1140 3868 fratres
1156 3825 1187 3869 et

12 3933 131 3992 ituirun
161 3953 223 3991 una
252 3931 492 3991 intestirerunt
528 3930 648 3987 dictant
684 3929 852 3986 domirmm
880 3923 1026 3983 i'iridern
1052 3923 1091 3983 de
1116 3943 1190 4003 pre-

4 4049 43 4107 tis
65 4050 220 4107 omnibus
243 4065 273 4106 et
298 4048 434 4122 singuiis
471 4047 564 4104 rebus
587 4061 616 4105 et
639 4045 777 4110 iuribus,
813 4043 932 4120 quibus
965 4041 1071 4100 dictus
1103 4041 1190 4102 Gui-

2 4166 79 4224 rdus
105 4166 236 4223 nornine
262 4164 408 4242 predicto
433 4162 651 4221 renuntiarit.
738 4161 779 4218 Et
811 4160 849 4217 ad
882 4159 1056 4238 petendum
1083 4174 1114 4218 et
1140 4179 1190 4218 re-

4 4284 51 4320 iim
70 4283 135 4320 irim
161 4280 391 4320 Ui¹rir⁸iii'']†iii’iti
417 4281 548 4320 immitti*
567 4298 624 4320 itm
643 4278 716 4320 imi<
742 4276 899 4320 iii'dit'iitiix‘
925 4274 997 4320 iiiii(
1014 4275 1188 4320 mummium
