2850 4776
104 466 162 525 250
404 485 573 527 RELAZlONl
598 485 657 526 Fan
681 486 807 526 VERONA
831 487 849 527 E
874 487 1024 529 MANTOVA

100 695 195 774 gulis,
217 696 515 778 quocienscumque
531 697 631 759 fuerit
648 697 725 760 hinc
741 698 817 760 inde
838 711 1096 762 contraventum
1120 699 1169 762 vel
1193 700 1332 771 factum,

99 825 130 871 et
153 812 214 872 sub
237 812 411 874 resectione
447 813 523 875 hinc
555 814 631 875 inde
653 814 805 876 omnium
835 830 866 877 et
888 816 1095 897 singulorum
1129 815 1331 888 dannorum,

99 947 327 1009 expensarum,
350 930 501 993 interesse
523 931 591 993 litis
613 946 644 993 et
664 945 768 1003 extra,
788 932 859 1000 sine
872 933 1070 994 sacramenti
1092 933 1262 995 exactione
1279 933 1331 993 vel

99 1045 236 1106 alterius
258 1046 463 1126 probationis
484 1067 582 1108 onere
591 1067 599 1123 ;
622 1062 653 1109 et
674 1048 735 1108 sub
756 1047 960 1130 obligatione
981 1046 1132 1116 omnium
1166 1048 1330 1110 bonorum

99 1161 272 1244 utriusque
294 1164 441 1244 partium
465 1157 689 1245 predictorum
698 1185 706 1240 ;
729 1185 791 1246 que
815 1165 918 1227 altera
941 1185 1014 1246 pars
1037 1164 1173 1226 alterius
1194 1163 1331 1226 nomine

100 1277 275 1339 constituit
298 1279 458 1359 possidere
491 1282 541 1342 vel
564 1281 668 1362 quasi,
691 1300 792 1362 usque
815 1281 855 1342 ad
878 1281 1041 1363 integram
1064 1280 1330 1342 observationem

99 1395 251 1456 omnium
273 1397 517 1476 premissorum.

221 1616 347 1696 [xvir]
373 1617 586 1704 lenanu-:uruat
610 1639 803 1680 srsrucorurr
827 1640 867 1679 rer
889 1640 1033 1680 oscrtru
1057 1641 1155 1682 escis.

182 1767 337 1830 Ceterum
362 1773 585 1851 prenominati
609 1772 781 1853 utriusque
798 1773 944 1854 partium
968 1773 1187 1854 predictarum
1209 1772 1330 1833 sindici

99 1899 131 1946 et
144 1901 373 1966 procuratores
387 1888 506 1950 eisdem
520 1888 711 1950 nominibus
723 1889 919 1950 iuraverunt
936 1889 1149 1969 corporaliter
1162 1888 1202 1950 ad
1213 1903 1329 1950 sancte

101 1999 158 2062 Dei
173 2003 353 2084 Evangelia
376 2006 409 2064 in
433 2005 559 2066 animas
574 2007 723 2066 omnium
742 2019 773 2066 et
789 2005 996 2087 singulorum
1017 2004 1330 2086 suprascriptorum,

99 2137 243 2196 quorum
270 2134 348 2180 sunt
380 2120 496 2182 sindici
519 2135 549 2182 et
574 2135 812 2202 procuratores,
845 2121 1014 2183 attendere
1035 2135 1067 2182 et
1096 2121 1269 2182 observare
1293 2120 1328 2180 in

100 2233 255 2293 omnibus
286 2250 317 2297 et
349 2236 486 2318 singulis
515 2251 545 2298 ct
578 2257 638 2319 per·
665 2238 776 2298 omnia
800 2252 831 2299 et
853 2239 983 2318 singula
1017 2251 1053 2298 ut
1075 2237 1109 2298 in
1131 2235 1331 2317 supradictis

99 2348 252 2429 capitulis
274 2352 477 2423 continetur,
499 2369 529 2414 et
553 2355 639 2415 inter
661 2355 787 2415 eosdem
803 2355 944 2415 sindicus
966 2367 997 2414 et
1020 2365 1258 2434 procuratores,
1272 2371 1330 2412 no-

100 2464 245 2526 minibus
266 2470 504 2550 suprascriptis,
527 2471 613 2551 pacis
635 2472 782 2533 osculum
806 2471 998 2532 intervenit.

181 2729 262 2788 Lata
289 2729 351 2789 luit
375 2728 432 2790 lrec
454 2729 615 2790 sententia
634 2729 700 2789 sive
717 2730 893 2790 arbitrium
920 2750 975 2810 per
998 2730 1258 2810 suprascriptum
1275 2727 1330 2788 do·

98 2846 227 2908 minum
252 2846 426 2906 Albertum
441 2853 489 2921 (a)
512 2846 550 2906 de
568 2846 597 2906 ln
617 2847 720 2916 Scala,
738 2847 857 2928 Populi
884 2847 1079 2907 Veronensis
1102 2846 1327 2927 Capitaneum

98 2963 292 3040 uerreralem,
315 2962 477 3022 arbitrum
501 2977 531 3022 et
555 2963 787 3022 arbitraturum
811 2977 842 3023 et
866 2963 1008 3023 amicum
1041 2982 1215 3024 comunem
1239 2963 1328 3022 inter

99 3091 206 3155 partes
229 3076 399 3157 predictas,
414 3097 473 3157 pro
496 3079 656 3138 tribunali
680 3079 854 3148 sedentem,
869 3093 899 3139 et
917 3093 987 3138 acta
1010 3078 1121 3139 omnia
1144 3091 1175 3138 et
1196 3076 1327 3156 singula

97 3193 317 3274 suprascripta
332 3193 363 3252 in
379 3193 496 3254 Maiori
511 3195 658 3255 Consilio
672 3194 832 3254 Comanis
846 3195 984 3264 Veronc,
998 3179 1031 3254 in
1045 3193 1170 3274 palacio
1181 3191 1327 3253 eiusdem

99 3309 259 3370 Comunis
282 3330 371 3370 rnore
393 3312 489 3371 solito
511 3326 719 3390 congregato
744 3312 917 3371 millesimo
940 3310 1162 3372 ducentesimo
1185 3329 1328 3390 nonage-

96 3426 178 3486 simo
194 3426 311 3506 primu,
328 3426 491 3487 indicione
513 3442 643 3506 quarta,
656 3427 706 3486 die
731 3427 882 3503 mercurii
903 3447 990 3487 nouo
1014 3426 1103 3506 maij,
1122 3424 1328 3506 presentibus

98 3543 170 3603 siro
194 3544 297 3604 nobili
321 3543 456 3603 domino
479 3545 625 3603 ltlaccolu
648 3544 686 3604 de
713 3545 866 3622 Eugubio
891 3543 952 3601 riri
978 3542 1095 3603 nobilis
1117 3539 1243 3601 domini
1267 3539 1329 3600 Bo-

95 3662 181 3721 sonis
203 3662 241 3720 de
265 3661 418 3741 Eugubio
444 3661 611 3739 potestatis
636 3661 763 3720 l'crone
787 3660 920 3730 sicario,
943 3659 1078 3719 domino
1102 3656 1328 3718 Guidoneber·

98 3777 199 3835 nardo
222 3777 267 3850 (o)
290 3777 328 3836 de
353 3776 469 3835 Creusa
505 3775 665 3835 Cornunis
690 3775 821 3835 l'cr‘one
856 3775 971 3844 iudice,
1004 3775 1139 3835 domino
1169 3772 1327 3851 magistro

97 3891 200 3951 Pacilo
223 3894 260 3951 de
286 3892 387 3969 Regio
422 3893 538 3950 clerico
561 3891 664 3951 suncti
689 3890 778 3950 Petri
802 3891 842 3948 ad
869 3891 1109 3950 lllonasterium
1132 3889 1169 3949 de
1194 3888 1325 3949 Verona

96 4006 312 4075 decretorum,
336 4007 470 4066 domino
495 4005 657 4066 l'bertino
680 4007 718 4066 de
744 4006 894 4066 Romano
910 4016 954 4079 (c)
978 4019 1008 4067 ct
1033 4005 1169 4065 domino
1187 4003 1327 4064 Nicolao

95 4123 133 4182 dc
157 4124 359 4182 :lltemanuo
382 4124 487 4202 legum
512 4122 710 4191 doctoribus,
733 4123 868 4181 domino
884 4121 1096 4182 'llromusino
1111 4121 1159 4195 (d)
1182 4119 1220 4180 de
1238 4119 1328 4200 Ray-

95 4238 254 4297 mondino
276 4253 305 4298 et
330 4239 465 4297 domino
491 4238 636 4298 lolianus·
667 4239 704 4298 de
736 4239 931 4317 Spulrerino
957 4237 1118 4297 iudicibus
1140 4237 1270 4306 Veron„
1294 4250 1326 4296 ct

95 4356 230 4413 elmuino
255 4356 463 4418 llertulduuu
487 4356 524 4414 dc
551 4355 731 4418 ltonlromo.
756 4356 890 4415 dominu
917 4354 1160 4436 l⁴'1·ederico(f)
1183 4354 1221 4414 dc
1244 4353 1329 4414 Gaf-
