2858 4792
106 506 159 570 172
407 505 577 547 rtfirnzron'l
601 506 661 548 ΡΜ
684 506 814 547 vuuotln
834 506 854 547 Ε
878 505 1029 547 aaaron

100 721 187 801 quod
210 722 249 784 de
271 723 409 803 gabella,
430 741 495 804 que
517 721 687 782 consuevit
720 720 792 782 tolli
817 722 850 781 in
873 718 1009 782 civitate
1032 719 1181 792 Mantue,
1203 721 1331 803 aliquid

99 836 224 898 solvere
248 838 439 899 nullatenus
463 849 653 898 teneantur.

181 953 290 1032 [xlx]
308 953 389 1016 ltem
405 953 494 1034 quod
511 952 662 1013 Vicarius
686 952 797 1014 Brixie
811 966 843 1013 et
866 952 1069 1033 Capitaneus
1085 951 1196 1013 Brixle
1217 966 1249 1013 et
1266 957 1334 1014 Au·

99 1069 185 1130 ciani
203 1069 309 1131 Partis
331 1086 362 1132 et
378 1070 496 1152 Populi
514 1070 624 1131 Brixie
641 1084 673 1131 et
693 1070 785 1130 Mille
808 1084 839 1131 et
862 1067 1021 1130 Consules
1038 1069 1262 1130 Mercatorum
1280 1075 1332 1143 (a)

100 1201 131 1246 et
156 1185 304 1248 homines
326 1187 365 1248 de
387 1186 535 1248 Consilio
559 1186 669 1247 Brixie
683 1200 715 1247 et
731 1185 963 1248 universaliter
980 1205 1093 1247 omnes
1106 1199 1138 1246 et
1154 1184 1277 1265 singuli
1293 1184 1333 1246 de

99 1303 234 1364 civitate
255 1317 286 1364 et
308 1304 462 1365 districtu
494 1303 605 1364 Brixie
634 1303 822 1365 obedientes
844 1301 1025 1363 Communi
1049 1301 1160 1362 Brixie
1182 1316 1213 1364 et
1238 1300 1335 1362 Pote-

99 1437 199 1482 statcs
220 1436 251 1482 et
274 1421 448 1502 Capitanei
474 1422 602 1482 Verone
632 1436 663 1482 et
695 1422 831 1481 Mantue
860 1433 891 1480 et
915 1419 1095 1480 Potestates
1116 1432 1148 1480 et
1171 1418 1334 1479 Consules

103 1539 324 1600 ,llercatorum
350 1539 496 1618 ipsarum
519 1539 694 1600 civitatum
720 1538 849 1598 Verone
864 1552 894 1597 et
913 1537 1052 1598 Mantue
1073 1549 1105 1598 et
1128 1534 1278 1598 homines
1293 1534 1334 1596 de

102 1654 256 1714 Consiliis
278 1655 423 1736 ipsarum
447 1655 622 1715 civitatum
657 1654 787 1715 Verone
809 1669 840 1714 et
865 1654 1003 1715 Mantue
1034 1668 1066 1714 et
1099 1651 1334 1714 universaliter

100 1789 213 1830 omnes
234 1784 265 1832 et
286 1771 408 1850 singuli
431 1772 469 1831 de
491 1771 684 1832 civitatibus
705 1785 736 1832 et
759 1770 963 1832 districtibus
986 1770 1131 1850 ipsarum
1154 1768 1335 1828 civitatum

103 1887 240 1949 blantue
261 1901 292 1947 et
316 1887 444 1950 Verone
478 1891 587 1949 iurare
616 1902 647 1949 et
671 1886 802 1948 firmare
834 1887 974 1948 debeant
1007 1887 1130 1947 dictam
1165 1904 1277 1966 pacem
1299 1897 1334 1945 et

100 2002 211 2062 omnia
235 2017 265 2063 et
290 2003 419 2084 singula
444 2003 638 2085 promittere
667 2017 700 2064 et
724 2003 827 2063 lacere
855 2021 914 2084 pro
936 2001 1057 2082 quibus
1078 2001 1190 2063 omnia
1214 2012 1245 2060 et
1268 1999 1337 2059 sin-

100 2118 174 2196 gula
197 2118 385 2200 supradicta
404 2120 560 2181 maiorem
577 2120 751 2180 obtineant
769 2118 961 2180 firmitatem
978 2134 1008 2180 et
1025 2120 1141 2179 melius
1156 2131 1187 2178 et
1203 2115 1338 2198 plenius

99 2236 325 2297 observentur.

182 2351 274 2430 [XX]
299 2352 380 2413 ltem
405 2353 494 2433 quod
516 2353 670 2412 dontinus
688 2353 761 2412 Dux
779 2365 810 2412 et
827 2351 1013 2414 Commune
1037 2351 1254 2411 Veneriorum
1277 2369 1337 2430 per

102 2472 332 2530 atmbaxatores
353 2490 407 2529 seu
433 2471 570 2530 nuncios
586 2470 810 2550 predictorum
834 2468 1040 2530 Comunium
1059 2466 1265 2528 concorditer
1289 2486 1335 2526 re·

101 2587 291 2665 quitantur,
314 2587 401 2667 quod
420 2606 479 2666 pro
496 2587 571 2666 ipsis
594 2584 803 2645 Comunibus
824 2583 1033 2645 securitatem
1059 2583 1181 2643 faciant
1204 2583 1242 2642 de
1266 2602 1335 2663 prt-

101 2704 197 2763 dictis
219 2702 373 2763 omuibus
403 2717 433 2763 et
463 2702 601 2782 singulis
631 2702 759 2781 plenius
781 2699 1010 2773 observandis;
1033 2713 1063 2759 et
1086 2699 1110 2758 si
1136 2711 1337 2770 recusarent,

101 2821 138 2879 de
160 2820 271 2879 eodem
296 2819 495 2898 Pergamum
519 2835 550 2878 et
575 2819 714 2896 Regium
745 2817 979 2896 requirantur;
1005 2815 1084 2875 etsi
1109 2815 1334 2875 recusaverint

101 2933 186 2993 dicta
213 2933 389 3003 Comunia,
411 2953 469 2992 suo
494 2952 581 3012 posse
604 2932 691 2992 infra
710 2951 814 2991 unum
839 2949 981 2990 mensem
998 2944 1069 3009 post
1094 2928 1333 3018 recusationem

104 3050 252 3128 l'crgami
275 3065 305 3110 et
331 3050 433 3128 llegii,
465 3050 656 3110 securitates
687 3062 907 3129 competentes
942 3045 1067 3107 dandas
1097 3066 1155 3128 pro
1179 3046 1336 3126 predictis

102 3164 240 3225 debeant
264 3166 422 3228 iuvenire.

181 3282 290 3360 [xxti
307 3282 385 3342 ltem
400 3284 487 3360 quod
504 3285 606 3342 nobili
622 3285 693 3342 rito
706 3282 842 3342 domino
856 3281 994 3341 :llberto
1010 3280 1047 3339 de
1066 3281 1094 3339 la
1110 3279 1202 3339 Scala
1220 3278 1270 3338 vel
1287 3257 1337 3353 (b)

102 3399 166 3456 stris
200 3399 471 3477 procuratoribus
493 3400 635 3460 sumarie
651 3415 682 3458 et
704 3399 772 3458 sine
798 3398 937 3478 strepitu
963 3396 1136 3456 iudiciario
1156 3393 1212 3454 fiat
1247 3393 1336 3454 ratio

105 3535 157 3593 per
182 3515 332 3575 Contune
357 3515 466 3574 Briric·
489 3515 526 3574 de
550 3516 613 3576 illis
635 3517 673 3576 de
698 3514 930 3574 Valcamonica
954 3513 992 3572 de
1018 3511 1139 3571 salario
1161 3508 1249 3590 quod
1271 3511 1337 3570 sol-

105 3652 176 3690 rcre
200 3645 356 3691 tenentur
377 3632 480 3691 eidem
500 3653 557 3711 pro
574 3632 749 3710 potcsraria
775 3629 1006 3690 Valcarnonicc
1030 3629 1087 3688 illo
1103 3641 1249 3709 tempore
1266 3646 1337 3707 quo

104 3748 160 3826 ipsi
185 3748 223 3807 dc·
248 3749 478 3808 l'alcnntonica
504 3748 657 3808 obedient
681 3754 726 3820 (c)
750 3747 914 3807 mandatis
937 3745 1098 3804 Comunis
1123 3743 1242 3803 Brixie.

184 3863 309 3940 trull]
336 3864 414 3922 ltetn
439 3864 525 3942 quod
551 3865 720 3943 represalie
745 3883 798 3940 per·
823 3861 1023 3920 Communia
1040 3861 1203 3918 dictarum
1221 3856 1269 3931 (d)
1293 3858 1338 3917 ci-

107 3980 246 4037 ritatunr
272 3979 371 4037 nullis
393 3980 430 4038 dc
453 3995 558 4039 cctcro
580 3979 813 4039 concedantur.

184 4096 327 4172 lXXllll
353 4097 430 4156 ltcrn
457 4096 541 4175 quod
569 4117 628 4176 pas
656 4117 782 4175 presens
807 4097 839 4155 in
865 4109 1060 4175 perpetuum
1082 4090 1287 4152 observanda
1305 4105 1338 4152 et

105 4212 215 4269 <unuin
240 4226 269 4270 ct
293 4214 422 4288 singula
440 4234 502 4291 que
521 4214 736 4272 continentur
754 4213 785 4270 iu
804 4212 942 4291 presenti
967 4223 1140 4270 contractu
1166 4206 1262 4286 pacis,
1283 4226 1339 4266 no·

104 4340 171 4386 tata
188 4327 378 4387 inlaturum
395 4344 424 4388 cr
437 4331 700 4389 oluermtnmcm
718 4329 818 4407 ipsius
832 4328 926 4407 pacis,
943 4327 1116 4385 obtineant
1132 4323 1196 4382 rint
1213 4323 1338 4384 statuti

102 4445 296 4492 ‹ibon-umuli
316 4459 472 4492 run-naonis
492 4466 546 4492 rtur·
566 4446 709 4492 l'li‘rrrlirc
746 4445 933 4493 llnroctntnc.
951 4442 1150 4494 (limitaneos
1166 4453 1196 4492 cl
1216 4438 1338 4492 Aucia-
