2858 4792
74 433 127 512 176
371 447 541 489 ririazronr
566 448 625 487 rna
648 447 777 487 variosa
801 447 819 486 r:
846 446 1001 488 naurovn

69 665 179 725 tinum
203 662 405 725 Cornarium
422 663 461 724 de
478 663 627 724 Veneciis
650 675 844 742 potestatem
864 661 1002 722 Mantue
1020 675 1050 721 et
1068 662 1301 726 Pinamontem

68 781 107 841 de
131 780 318 841 Bonacolsis
340 780 552 860 capitaneum
577 778 716 838 Mantue
731 791 762 838 et
780 777 977 838 Brixianam
990 777 1029 840 de
1045 777 1128 839 Salis
1150 780 1305 841 ambaria-

70 912 175 958 torem
199 895 361 957 Comunis
384 894 495 955 Brixie
523 909 659 955 narrata
692 907 722 955 et
746 893 844 964 dicta,
881 893 940 975 ipsi
974 894 1101 955 domini
1135 896 1306 957 Martinus

69 1013 324 1075 Stambecbinus
341 1012 525 1074 Cornarius
538 1026 679 1094 potestas
697 1012 845 1083 Mantue,
861 1026 892 1072 et
915 1011 1095 1073 Pinamons
1110 1012 1306 1093 capitaneus

72 1130 220 1200 Man'tue,
245 1129 425 1211 Scripturis
444 1128 661 1209 corporaliter
679 1128 785 1197 tactis,
802 1128 999 1189 iuraverunt
1031 1129 1071 1189 ad
1096 1128 1216 1190 Sancta
1242 1129 1306 1191 Dei

70 1245 250 1326 Evangelia
275 1245 457 1325 predictam
483 1244 623 1304 formam
648 1245 735 1323 pacis
764 1258 794 1304 et
819 1243 922 1324 ipsam
946 1263 1056 1324 pacem
1079 1257 1110 1304 et
1134 1243 1245 1305 omnia
1270 1257 1305 1304 et

67 1361 199 1442 singula
221 1380 284 1440 que
308 1360 340 1420 in
360 1380 395 1420 ea
413 1359 627 1420 continentur
651 1359 820 1420 attendere
842 1373 873 1419 et
897 1359 1069 1419 observare
1091 1359 1132 1420 ad
1156 1358 1305 1440 plenum,

71 1490 240 1558 perpetuo,
264 1490 361 1556 prout
385 1478 418 1535 in
442 1476 597 1535 omnibus
625 1489 655 1536 et
678 1476 816 1555 singulis
849 1475 949 1555 ipsius
971 1475 1058 1555 pacis
1083 1474 1233 1536 articulis
1254 1491 1305 1536 est

72 1608 237 1670 notatum,
271 1569 410 1653 formam
448 1592 549 1673 ipsam
581 1593 667 1673 pacis
698 1605 727 1652 et
761 1593 863 1673 ipsam
899 1612 1008 1672 pacem
1032 1597 1092 1667 (a),
1112 1593 1304 1689 ¹secundum

69 1711 188 1790 scripta
213 1724 268 1781 est,
291 1710 511 1789 approbantes
535 1710 567 1769 in
591 1709 746 1775 ominbus
760 1724 791 1769 et
815 1708 999 1783 firmantem,
1023 1729 1088 1789 quo
1111 1709 1305 1771 iuramento

71 1828 167 1896 fact0,
184 1826 414 1905 infrascriptus
431 1824 555 1885 Consul
574 1825 803 1886 llercadandie
820 1825 958 1887 Mantue
973 1840 1004 1887 et
1024 1824 1214 1889 Consiliarii
1236 1826 1307 1886 dic-

70 1961 181 2006 torum
206 1943 443 2013 Consiliorum,
467 1943 646 2022 Scripturis
669 1943 886 2024 corporaliter
910 1943 1016 2014 tactis,
1036 1943 1076 2005 ad
1094 1944 1215 2004 Sancta
1243 1944 1307 2004 Dei

70 2063 249 2141 Evangelia
276 2061 471 2120 iuraverunt
495 2061 674 2140 predictam
701 2062 840 2122 formam
865 2062 951 2141 pacis
966 2076 997 2122 et
1015 2061 1117 2142 ipsam
1139 2081 1250 2142 pacem
1270 2078 1304 2123 et

68 2179 180 2239 omnia
205 2193 235 2237 et
257 2178 386 2258 singula
410 2197 472 2257 que
495 2178 710 2237 continentur
728 2178 759 2237 in
778 2199 812 2237 ea
837 2179 930 2258 plene
955 2179 1123 2240 attendere
1142 2192 1172 2240 et
1195 2179 1306 2239 obser-

71 2315 147 2354 vare
170 2310 200 2354 et
226 2313 291 2354 non
315 2294 556 2363 contravenire,
579 2295 690 2375 aliqua
715 2296 854 2366 ratione,
877 2315 985 2366 causa,
1007 2315 1070 2375 que
1092 2295 1154 2355 diei
1179 2297 1228 2356 vel
1250 2317 1307 2357 ex·

69 2411 207 2490 cogitari
222 2410 331 2490 possit,
346 2410 484 2469 formam
502 2409 605 2489 ipsam
620 2411 715 2490 pacis,
737 2411 918 2471 secundum
934 2410 1054 2490 scripta
1071 2425 1127 2483 est,
1143 2425 1307 2493 perpetuo

71 2544 101 2588 et
124 2529 226 2607 ipsam
252 2548 362 2606 pacem
386 2527 582 2605 aprobantes
607 2528 637 2586 in
662 2528 816 2587 omnibus
847 2542 877 2588 et
904 2530 1041 2608 singulis
1063 2529 1131 2589 eius
1154 2530 1307 2590 articulis

70 2659 101 2703 et
126 2643 302 2703 lirmantcs.
417 2643 560 2703 Nomina
584 2664 727 2722 quorum
742 2643 894 2705 Consulis
910 2645 1134 2706 llercandarie
1154 2647 1306 2716 Mantue,

70 2756 345 2817 Consiliariorum
369 2771 445 2816 sunt
471 2757 536 2816 laec.
631 2758 811 2817 llrexanius
834 2759 871 2818 cle
896 2760 1062 2835 llaracolo
1084 2761 1197 2820 consul
1221 2781 1308 2821 mer·

70 2873 223 2932 candarie
249 2874 395 2932 llantue.
481 2875 648 2933 Antonius
672 2875 708 2933 de
727 2874 906 2954 (ioncagia.
991 2848 1157 2935 Amadeus
1179 2875 1218 2936 de
1241 2875 1308 2936 Ca·

72 2989 166 3047 vacis.
253 2987 659 3049 lolrannesdeliarnlmra.
728 2990 1141 3051 Petrinusdellonacolsis.
1227 2992 1308 3052 Lec-

69 3105 212 3183 cagellus
234 3104 271 3163 ue
298 3104 492 3164 liormcolsis.
595 3106 828 3183 Hunpilialclus
850 3107 888 3166 cle
913 3107 1137 3187 Hengibaldis.
1240 3114 1307 3168 An·

73 3221 183 3279 tonius
196 3221 233 3279 ile
249 3220 443 3279 linearibus.
531 3221 692 3279 Henricus
704 3221 830 3280 domini
849 3222 1021 3301 Lecagalli.
1103 3224 1307 3284 Stevaninus

72 3336 109 3394 cle
134 3336 256 3394 lusoris.
340 3336 490 3417 §illarius
514 3338 551 3396 ιΙυ
576 3338 771 3397 Aluanlms.
859 3321 1066 3400 Solliertinus
1089 3340 1229 3401 condam
1252 3341 1308 3402 do-

73 3451 153 3511 mini
179 3448 383 3520 Petrecanni.
483 3453 621 3532 Carnus
649 3453 687 3512 de
712 3454 872 3515 l'ianora.
972 3455 1157 3516 Bernartius
1185 3470 1307 3526 sartor,

71 3568 127 3647 qni
149 3568 209 3626 luit
227 3568 265 3626 cle
282 3567 411 3627 Panna.
498 3568 700 3629 Petrebonus
716 3570 753 3629 de
773 3571 903 3630 uonna.
989 3572 1159 3653 (joaninus
1176 3571 1306 3633 domini

73 3683 212 3761 (Janelli.
313 3683 784 3761 llaplreuscle(llclei'ranclis.
879 3685 1128 3746 Finusclornini
1156 3687 1308 3767 Sempre·

75 3799 161 3857 lioni.
258 3798 359 3862 lana,
384 3800 438 3876 qui
467 3799 527 3858 luit
552 3805 589 3858 ile
614 3801 795 3859 Sermiono,
887 3803 1054 3862 (lclelinus
1077 3803 1204 3863 domini
1227 3804 1308 3865 Ote-

75 3916 150 3974 noni
174 3916 211 3975 cle
236 3917 357 3974 Oculis.
443 3917 602 3995 lle-larius
625 3918 662 3975 ile
689 3917 847 3978 llecloinis.
940 3922 964 3978 1³
969 3921 1127 4001 ilippinus
1149 3921 1187 3981 ile
1211 3922 1308 3998 Suce·

60 4031 156 4089 ·rino.
219 4033 467 4090 lacorninnsrle
505 4033 623 4092 anilia.
689 4035 1157 4098 ,lloriusclellonal'antilnrs.
1222 4039 1308 4100 Ben-

74 4165 214 4210 rcnutns
237 4151 275 4209 ile
295 4150 436 4210 llotario.
522 4153 749 4231 llarl'rerlinus
765 4155 802 4213 cle
820 4157 976 4234 (linono.
1061 4155 1252 4217 Bertolinus
1268 4158 1308 4219 de

73 4265 261 4325 l’iscesecco.
362 4266 518 4324 l'iralrlrs
541 4267 578 4325 ile
604 4266 855 4329 llonal'anrilms.
953 4271 1146 4331 (jastelanus
1175 4272 1308 4334 domini

75 4381 248 4426 ilrinmini
360 4383 530 4426 lim-minc
558 4384 704 4426 mam-in<
736 4388 773 4426 ilo
800 4386 967 4426 llnlsrlrmn
1082 4391 1244 4426 nummis
1271 4393 1309 4426 l„
