2874 4748
635 425 705 468 noc.
730 426 825 468 nxvr:
851 424 926 487 ¹²99
1067 435 1068 438 ¹
1325 406 1382 486 347

154 621 291 694 ditione,
314 622 382 704 ipso
404 624 476 686 iure
498 624 742 706 intelligantur,
764 626 852 707 quod
873 627 940 690 sint
964 627 1094 688 banniti
1118 645 1177 709 pro
1200 641 1293 709 parte
1320 627 1382 688 Co-

156 737 268 798 munis
290 738 429 810 Verone‚
452 760 509 802 nec
533 741 644 804 venire
668 761 726 804 nec
749 744 872 804 morari
894 743 1018 824 possint
1041 743 1075 804 in
1097 743 1233 806 civitate
1256 758 1313 804 aut
1336 744 1384 805 di-

154 854 272 916 strictu
297 853 437 918 Verone.
573 857 649 939 [Vl]
672 858 715 920 Et
736 879 753 920 e
775 877 942 931 converso,
963 857 1052 940 quod
1074 877 1187 921 omnes
1208 872 1239 920 et
1262 858 1384 940 singuli

159 969 288 1071 bapniti
310 990 371 1054 pro
393 986 486 1053 parte
519 974 569 1036 vel
593 974 780 1056 proditione
803 975 965 1040 Comunis
988 975 1125 1048 Verone‚
1150 991 1182 1039 et
1204 976 1304 1038 etiam
1326 976 1384 1057 qui

156 1086 196 1147 de
217 1101 324 1150 cetero
348 1090 569 1158 bannirentur
588 1112 650 1173 pro
664 1107 757 1174 parte
780 1094 830 1155 vel
854 1093 1062 1175 proditione,
1085 1093 1154 1175 ipso
1176 1093 1246 1156 iure
1268 1094 1385 1156 intelli-

155 1218 278 1282 gantur
300 1227 362 1268 esse
377 1221 409 1270 et
424 1211 490 1270 sint
509 1210 639 1272 banniti
662 1230 722 1292 pro
744 1226 838 1292 parte
853 1210 1014 1274 Comunis
1038 1213 1187 1284 Mantue,
1203 1231 1260 1274 nec
1275 1213 1385 1274 venire

76 1305 81 1312 ¹
158 1339 214 1380 nec
237 1324 360 1384 morari
376 1327 500 1405 possint
514 1326 547 1388 in
561 1326 696 1390 civitate
708 1341 766 1390 aut
783 1327 936 1390 districtu
961 1329 1109 1391 Mantue.
1192 1328 1285 1408 [Vll]
1303 1328 1383 1390 Item

156 1435 244 1514 quod
258 1439 423 1518 predictus
434 1440 588 1504 dominus
601 1442 713 1504 Guido
724 1443 831 1504 dictus
844 1443 1021 1515 Botexella,
1033 1445 1224 1524 capitaneus
1237 1445 1385 1515 Mantue,

157 1563 189 1610 et
212 1551 363 1616 Comune
387 1555 533 1629 Mantue‚
557 1577 617 1638 pro
637 1579 670 1620 se
690 1572 722 1620 et
744 1559 858 1622 amicis
888 1559 955 1620 suis
987 1559 1142 1640 predictis
1164 1559 1385 1629 adiuvabunt,

158 1665 343 1742 defendent,
367 1676 633 1738 manutenebunt
649 1690 680 1770 et
695 1677 940 1739 conservabunt
956 1688 1027 1739 toto
1041 1696 1101 1738 suo
1117 1695 1216 1757 posse,
1228 1696 1303 1738 cum
1321 1694 1389 1756 per-

158 1783 246 1843 sonis
267 1799 298 1845 et
323 1786 451 1860 havere,
475 1789 673 1871 ubicumque
689 1807 719 1853 et
738 1790 1057 1872 quomodocumque,
1080 1791 1114 1854 in
1137 1793 1292 1854 omnibus
1309 1785 1388 1856 loci‘s

159 1911 191 1957 et
215 1901 320 1971 terris,
333 1915 364 1963 et
381 1923 437 1984 per
460 1919 581 1967 terram
598 1919 630 1968 et
642 1926 698 1986 per
711 1927 844 1986 aquarn,
866 1905 1028 1988 predictos
1042 1907 1194 1969 dominos
1211 1909 1386 1970 Albertum

160 2027 192 2074 et
215 2015 500 2093 Bartholameum,
522 2023 710 2105 capitaneos
727 2024 865 2095 Verone‚
887 2024 1008 2086 amicos
1022 2044 1096 2086 suos
1111 2038 1142 2086 et
1165 2025 1315 2088 Comune
1332 2027 1389 2087 Ve-

161 2149 240 2193 rone
262 2149 376 2197 contra
399 2157 512 2200 omnes
533 2154 564 2201 et
585 2140 731 2222 singulus
753 2160 916 2224 personas,
941 2141 1092 2202 civitates
1113 2155 1144 2202 et
1167 2142 1388 2204 comunitates

158 2260 191 2307 et
214 2248 294 2322 loca,
317 2251 356 2312 ad
379 2273 508 2316 sensum
530 2271 563 2317 et
586 2257 794 2318 voluntatem
830 2256 1052 2336 predictorum
1086 2257 1298 2319 dominorum
1331 2258 1388 2317 ΑΙ-

163 2365 245 2426 berti
268 2382 299 2429 et
324 2367 535 2443 Bartolamei,
557 2374 806 2454 capitaneorum
833 2373 970 2444 Verone‚
1003 2374 1194 2436 adiuvando
1224 2374 1325 2436 eciam
1356 2389 1386 2436 et

161 2481 376 2557 defendendo,
399 2491 647 2551 manutenendo
668 2504 699 2551 et
722 2491 947 2552 conservando
976 2490 1137 2570 predictos
1158 2490 1309 2552 dominos
1332 2491 1388 2550 Al-

165 2599 294 2662 bertum
318 2617 349 2662 et
376 2603 656 2679 Bartholameum,
689 2608 877 2689 capitaneos
901 2606 1039 2678 Verone‚
1068 2621 1099 2668 et
1129 2625 1244 2668 eorum
1266 2609 1388 2668 amicos

164 2715 334 2796 predictos,
350 2733 380 2780 et
398 2720 550 2782 Comune
573 2723 710 2794 Verone‚
725 2723 759 2784 in
782 2724 937 2785 omnibus
951 2737 981 2784 et
996 2723 1134 2803 singulis
1153 2742 1268 2784 eorum
1289 2723 1390 2784 hono·

164 2832 265 2906 ribus,
280 2835 502 2916 capitanariis,
524 2839 653 2901 iuribus
671 2853 702 2900 et
718 2840 1001 2930 iurisdictionibus
1016 2855 1046 2900 et
1063 2840 1166 2919 quasi,
1190 2840 1390 2919 ubicumque

162 2962 195 3010 et
217 2952 515 3034 qualitercumque,
536 2974 611 3016 cum
636 2957 780 3036 personis
802 2970 832 3017 et
857 2956 985 3026 havere,
1002 2968 1117 3016 contra
1139 2974 1251 3016 omnes
1273 2967 1303 3015 et
1326 2955 1390 3016 sin-

164 3065 257 3143 gulas
275 3085 438 3146 personas,
460 3070 619 3140 civitates,
641 3073 860 3133 comunitates
875 3087 906 3132 et
922 3071 1002 3131 loca.
1085 3069 1194 3148 [Vlll]
1218 3071 1260 3130 Et
1278 3091 1294 3130 e
1316 3089 1391 3131 con·

166 3202 268 3256 verso,
290 3189 379 3266 quod
403 3189 540 3267 predicti
565 3189 691 3251 domini
716 3190 873 3252 Albertus
895 3203 925 3249 et
944 3187 1207 3258 Bartholnmeus,
1224 3187 1388 3268 capitanei

167 3297 304 3373 Verone‚
317 3317 348 3363 et
372 3305 535 3383 predictus
557 3306 712 3367 dominus
730 3306 895 3375 Nicolnus,
909 3303 1085 3367 sindicario
1109 3318 1139 3364 et
1163 3304 1392 3385 procuratorio

167 3418 300 3480 nomine
322 3440 389 3500 quo
410 3442 518 3502 supra,
542 3445 600 3504 pro
622 3445 653 3484 se
675 3439 705 3485 et
729 3424 842 3486 amicis
863 3424 929 3484 suis
952 3422 1105 3503 predictis
1120 3435 1150 3483 et
1167 3421 1318 3482 Comune
1336 3421 1392 3481 Ve-

166 3551 256 3606 rone,
269 3535 488 3609 adiuvabitur,
510 3538 696 3610 defendent,
719 3539 985 3601 manutenebunt
1007 3551 1038 3598 et
1060 3537 1302 3598 conservabunt
1322 3550 1393 3597 toto

165 3667 225 3708 suo
240 3668 338 3729 posse,
353 3671 427 3712 cum
445 3653 588 3731 personis
603 3667 634 3713 et
652 3654 780 3724 havere,
797 3653 998 3732 ubicumque
1020 3665 1050 3712 et
1066 3650 1393 3731 quomodocumque,

167 3767 201 3827 ln
224 3769 379 3828 omnibus
402 3768 479 3828 locis
500 3786 531 3830 et
555 3770 660 3838 terris,
682 3789 738 3850 per
762 3784 882 3830 terram
906 3784 938 3829 et
961 3789 1017 3848 per
1040 3788 1172 3848 aquam,
1205 3767 1390 3850 predictum

167 3885 339 3948 dominum
356 3885 543 3947 Guidonem
557 3887 682 3946 dictum
698 3885 910 3955 Botexellam,
925 3870 1135 3964 capitaneum
1152 3885 1298 3952 Mantue,
1315 3884 1395 3944 ami·

167 4024 219 4063 cos
240 4025 313 4066 suos
336 4005 506 4086 predictos
528 4019 560 4066 et
583 4005 734 4066 Comune
759 4004 896 4063 llantue
924 4015 1041 4063 contra
1063 4022 1175 4062 omnes
1196 4016 1227 4062 et
1249 4002 1395 4080 singulas

167 4139 329 4199 personas,
351 4121 511 4192 civitates,
533 4120 753 4181 cornunitutes
775 4133 806 4179 et
830 4119 910 4188 locu,
933 4119 972 4178 ad
989 4136 1119 4178 sensum
1136 4131 1166 4176 et
1184 4117 1393 4176 voluntatem

167 4238 304 4319 predicti
327 4240 453 4300 domini
478 4239 641 4301 Gnidonis
663 4238 741 4298 dicti
767 4237 931 4297 Botexelle
954 4236 1118 4315 capitanei
1143 4234 1291 4303 lvlautue,
1307 4232 1396 4292 adiu-

169 4358 278 4418 vando
299 4359 400 4419 etiam
423 4371 454 4418 et
477 4357 692 4424 defendendo
716 4353 963 4414 manutenendo
980 4365 1009 4412 et
1026 4350 1249 4411 conservando
1274 4350 1396 4429 predic-

170 4473 320 4536 tumdom
335 4475 427 4536 inum
447 4445 634 4535 Gnidorrem
652 4474 776 4533 dictum
797 4471 1009 4538 Botexellum,
1022 4469 1230 4547 capitaneum
1250 4469 1396 4534 Maniae,

169 4604 200 4651 et
223 4590 291 4651 eius
314 4592 435 4652 anticos
457 4590 627 4672 predictos,
651 4602 680 4648 et
705 4589 855 4647 Comune
880 4587 1028 4656 llluntue,
1052 4587 1084 4643 in
1108 4585 1261 4644 omnibus
1284 4597 1314 4642 et
1337 4582 1400 4640 sin.
