<?xml version="1.0" encoding="UTF-8"?>
<!DOCTYPE html PUBLIC "-//W3C//DTD XHTML 1.0 Transitional//EN"
    "http://www.w3.org/TR/xhtml1/DTD/xhtml1-transitional.dtd">
<html xmlns="http://www.w3.org/1999/xhtml" xml:lang="en" lang="en">
 <head>
  <title>
</title>
<meta http-equiv="Content-Type" content="text/html;charset=utf-8" />
  <meta name='ocr-system' content='tesseract 3.04.00' />
  <meta name='ocr-capabilities' content='ocr_page ocr_carea ocr_par ocr_line ocrx_word'/>
</head>
<body>
  <div class='ocr_page' id='page_1' title='image "./documentiperlas00cipogoog/documentiperlas00cipogoog_0188.png"; bbox 0 0 2858 4792; ppageno 0'>
   <div class='ocr_carea' id='block_1_1' title="bbox 100 459 1020 535">
    <p class='ocr_par' dir='ltr' id='par_1_1' title="bbox 100 459 1020 535">
     <span class='ocr_line' id='line_1_1' title="bbox 100 459 1020 535; baseline -0.004 -19"><span class='ocrx_word' id='word_1_1' title='bbox 100 459 156 535; x_wconf 75' lang='lat'>164</span> <span class='ocrx_word' id='word_1_2' title='bbox 401 474 569 514; x_wconf 72' lang='lat' dir='ltr'>llla‘LAZlONl</span> <span class='ocrx_word' id='word_1_3' title='bbox 595 475 653 514; x_wconf 75' lang='lat' dir='ltr'>Fan</span> <span class='ocrx_word' id='word_1_4' title='bbox 677 475 805 514; x_wconf 65' lang='lat' dir='ltr'>t&#39;tiuos&#39;a</span> <span class='ocrx_word' id='word_1_5' title='bbox 828 475 846 514; x_wconf 87' lang='lat' dir='ltr'>E</span> <span class='ocrx_word' id='word_1_6' title='bbox 871 473 1020 514; x_wconf 73' lang='lat' dir='ltr'>rtANTot&#39;a</span> 
     </span>
    </p>
   </div>
   <div class='ocr_carea' id='block_1_2' title="bbox 96 689 1331 2976">
    <p class='ocr_par' dir='ltr' id='par_1_2' title="bbox 96 689 1331 2976">
     <span class='ocr_line' id='line_1_2' title="bbox 98 689 1330 770; baseline -0.001 -22"><span class='ocrx_word' id='word_1_7' title='bbox 98 708 209 769; x_wconf 82' lang='lat' dir='ltr'>pacem</span> <span class='ocrx_word' id='word_1_8' title='bbox 234 702 424 770; x_wconf 87' lang='lat' dir='ltr'>perpetuam</span> <span class='ocrx_word' id='word_1_9' title='bbox 441 701 472 749; x_wconf 90' lang='lat' dir='ltr'>et</span> <span class='ocrx_word' id='word_1_10' title='bbox 495 690 716 760; x_wconf 86' lang='lat' dir='ltr'>concordiam,</span> <span class='ocrx_word' id='word_1_11' title='bbox 738 689 1008 769; x_wconf 85' lang='lat' dir='ltr'>compositionem</span> <span class='ocrx_word' id='word_1_12' title='bbox 1025 701 1057 749; x_wconf 90' lang='lat' dir='ltr'>et</span> <span class='ocrx_word' id='word_1_13' title='bbox 1073 700 1223 767; x_wconf 84' lang='lat' dir='ltr'>treguam</span> <span class='ocrx_word' id='word_1_14' title='bbox 1248 701 1330 748; x_wconf 91' lang='lat' dir='ltr'>tem-</span> 
     </span>
     <span class='ocr_line' id='line_1_3' title="bbox 99 802 1331 888; baseline -0.002 -21"><span class='ocrx_word' id='word_1_15' title='bbox 99 807 256 888; x_wconf 89' lang='lat' dir='ltr'>poralem,</span> <span class='ocrx_word' id='word_1_16' title='bbox 278 807 303 867; x_wconf 93' lang='lat' dir='ltr'>si</span> <span class='ocrx_word' id='word_1_17' title='bbox 326 826 408 888; x_wconf 87' lang='lat' dir='ltr'>opus</span> <span class='ocrx_word' id='word_1_18' title='bbox 426 806 535 877; x_wconf 90' lang='lat' dir='ltr'>suerit,</span> <span class='ocrx_word' id='word_1_19' title='bbox 557 827 632 868; x_wconf 93' lang='lat' dir='ltr'>curn</span> <span class='ocrx_word' id='word_1_20' title='bbox 654 806 791 877; x_wconf 89' lang='lat' dir='ltr'>sindic0,</span> <span class='ocrx_word' id='word_1_21' title='bbox 814 819 948 867; x_wconf 91' lang='lat' dir='ltr'>auctore</span> <span class='ocrx_word' id='word_1_22' title='bbox 971 819 1003 866; x_wconf 91' lang='lat' dir='ltr'>et</span> <span class='ocrx_word' id='word_1_23' title='bbox 1026 818 1240 886; x_wconf 81' lang='lat' dir='ltr'>procuratore</span> <span class='ocrx_word' id='word_1_24' title='bbox 1262 802 1331 865; x_wconf 83' lang='lat' dir='ltr'>Co-</span> 
     </span>
     <span class='ocr_line' id='line_1_4' title="bbox 96 918 1330 1000; baseline -0.003 -17"><span class='ocrx_word' id='word_1_25' title='bbox 96 924 208 983; x_wconf 90' lang='lat' dir='ltr'>munis</span> <span class='ocrx_word' id='word_1_26' title='bbox 229 936 260 982; x_wconf 91' lang='lat' dir='ltr'>et</span> <span class='ocrx_word' id='word_1_27' title='bbox 285 921 520 983; x_wconf 88' lang='lat' dir='ltr'>Universitatis</span> <span class='ocrx_word' id='word_1_28' title='bbox 542 936 573 984; x_wconf 92' lang='lat' dir='ltr'>et</span> <span class='ocrx_word' id='word_1_29' title='bbox 598 921 783 983; x_wconf 89' lang='lat' dir='ltr'>Hominum</span> <span class='ocrx_word' id='word_1_30' title='bbox 808 920 918 982; x_wconf 89' lang='lat' dir='ltr'>Brixie</span> <span class='ocrx_word' id='word_1_31' title='bbox 941 934 971 981; x_wconf 92' lang='lat' dir='ltr'>et</span> <span class='ocrx_word' id='word_1_32' title='bbox 995 940 1069 981; x_wconf 91' lang='lat' dir='ltr'>cum</span> <span class='ocrx_word' id='word_1_33' title='bbox 1087 921 1156 1000; x_wconf 90' lang='lat' dir='ltr'>ipso</span> <span class='ocrx_word' id='word_1_34' title='bbox 1172 918 1330 990; x_wconf 85' lang='lat' dir='ltr'>Comani,</span> 
     </span>
     <span class='ocr_line' id='line_1_5' title="bbox 99 1032 1328 1116; baseline -0.003 -19"><span class='ocrx_word' id='word_1_35' title='bbox 99 1035 325 1098; x_wconf 85' lang='lat' dir='ltr'>Universitate</span> <span class='ocrx_word' id='word_1_36' title='bbox 340 1050 372 1098; x_wconf 90' lang='lat' dir='ltr'>et</span> <span class='ocrx_word' id='word_1_37' title='bbox 391 1036 591 1096; x_wconf 83' lang='lat' dir='ltr'>Hominibus</span> <span class='ocrx_word' id='word_1_38' title='bbox 605 1036 750 1097; x_wconf 90' lang='lat' dir='ltr'>civitatis</span> <span class='ocrx_word' id='word_1_39' title='bbox 773 1034 915 1116; x_wconf 87' lang='lat' dir='ltr'>predicte</span> <span class='ocrx_word' id='word_1_40' title='bbox 930 1041 979 1110; x_wconf 88' lang='lat' dir='ltr'>(a)</span> <span class='ocrx_word' id='word_1_41' title='bbox 998 1048 1029 1094; x_wconf 91' lang='lat' dir='ltr'>et</span> <span class='ocrx_word' id='word_1_42' title='bbox 1047 1033 1086 1094; x_wconf 91' lang='lat' dir='ltr'>ad</span> <span class='ocrx_word' id='word_1_43' title='bbox 1104 1032 1328 1114; x_wconf 89' lang='lat' dir='ltr'>recipiendum</span> 
     </span>
     <span class='ocr_line' id='line_1_6' title="bbox 99 1151 1330 1235; baseline -0.005 -20"><span class='ocrx_word' id='word_1_44' title='bbox 99 1173 210 1235; x_wconf 83' lang='lat' dir='ltr'>pacem</span> <span class='ocrx_word' id='word_1_45' title='bbox 233 1168 424 1235; x_wconf 89' lang='lat' dir='ltr'>perpetuam</span> <span class='ocrx_word' id='word_1_46' title='bbox 443 1167 474 1214; x_wconf 90' lang='lat' dir='ltr'>et</span> <span class='ocrx_word' id='word_1_47' title='bbox 490 1153 712 1223; x_wconf 87' lang='lat' dir='ltr'>concordiam,</span> <span class='ocrx_word' id='word_1_48' title='bbox 727 1151 997 1233; x_wconf 89' lang='lat' dir='ltr'>compositionem</span> <span class='ocrx_word' id='word_1_49' title='bbox 1021 1165 1052 1212; x_wconf 88' lang='lat' dir='ltr'>et</span> <span class='ocrx_word' id='word_1_50' title='bbox 1077 1164 1227 1231; x_wconf 85' lang='lat' dir='ltr'>treguam</span> <span class='ocrx_word' id='word_1_51' title='bbox 1251 1164 1330 1212; x_wconf 91' lang='lat' dir='ltr'>tem-</span> 
     </span>
     <span class='ocr_line' id='line_1_7' title="bbox 99 1264 1329 1352; baseline -0.005 -20"><span class='ocrx_word' id='word_1_52' title='bbox 99 1272 255 1352; x_wconf 90' lang='lat' dir='ltr'>poralem,</span> <span class='ocrx_word' id='word_1_53' title='bbox 276 1271 300 1330; x_wconf 90' lang='lat' dir='ltr'>si</span> <span class='ocrx_word' id='word_1_54' title='bbox 324 1290 406 1351; x_wconf 93' lang='lat' dir='ltr'>opus</span> <span class='ocrx_word' id='word_1_55' title='bbox 436 1270 545 1342; x_wconf 85' lang='lat' dir='ltr'>fuerit,</span> <span class='ocrx_word' id='word_1_56' title='bbox 569 1272 610 1331; x_wconf 88' lang='lat' dir='ltr'>ab</span> <span class='ocrx_word' id='word_1_57' title='bbox 632 1271 702 1350; x_wconf 88' lang='lat' dir='ltr'>ipso</span> <span class='ocrx_word' id='word_1_58' title='bbox 730 1269 868 1339; x_wconf 88' lang='lat' dir='ltr'>sindico,</span> <span class='ocrx_word' id='word_1_59' title='bbox 899 1264 1113 1349; x_wconf 86' lang='lat' dir='ltr'>procuratore</span> <span class='ocrx_word' id='word_1_60' title='bbox 1136 1281 1168 1328; x_wconf 87' lang='lat' dir='ltr'>et</span> <span class='ocrx_word' id='word_1_61' title='bbox 1194 1281 1329 1327; x_wconf 92' lang='lat' dir='ltr'>auctore</span> 
     </span>
     <span class='ocr_line' id='line_1_8' title="bbox 96 1382 1330 1464; baseline -0.005 -16"><span class='ocrx_word' id='word_1_62' title='bbox 96 1387 270 1457; x_wconf 82' lang='lat' dir='ltr'>Comanis,</span> <span class='ocrx_word' id='word_1_63' title='bbox 296 1385 530 1448; x_wconf 84' lang='lat' dir='ltr'>Universitatis</span> <span class='ocrx_word' id='word_1_64' title='bbox 551 1400 582 1447; x_wconf 90' lang='lat' dir='ltr'>et</span> <span class='ocrx_word' id='word_1_65' title='bbox 606 1386 791 1447; x_wconf 88' lang='lat' dir='ltr'>Hominum</span> <span class='ocrx_word' id='word_1_66' title='bbox 816 1384 936 1456; x_wconf 78' lang='lat' dir='ltr'>Brixie,</span> <span class='ocrx_word' id='word_1_67' title='bbox 957 1397 988 1446; x_wconf 94' lang='lat' dir='ltr'>et</span> <span class='ocrx_word' id='word_1_68' title='bbox 1012 1384 1052 1444; x_wconf 92' lang='lat' dir='ltr'>ab</span> <span class='ocrx_word' id='word_1_69' title='bbox 1081 1383 1149 1464; x_wconf 88' lang='lat' dir='ltr'>ipso</span> <span class='ocrx_word' id='word_1_70' title='bbox 1173 1382 1330 1452; x_wconf 89' lang='lat' dir='ltr'>Comuni,</span> 
     </span>
     <span class='ocr_line' id='line_1_9' title="bbox 102 1500 1327 1583; baseline -0.004 -20"><span class='ocrx_word' id='word_1_71' title='bbox 102 1502 327 1563; x_wconf 76' lang='lat' dir='ltr'>Universitate</span> <span class='ocrx_word' id='word_1_72' title='bbox 344 1516 374 1563; x_wconf 90' lang='lat' dir='ltr'>et</span> <span class='ocrx_word' id='word_1_73' title='bbox 393 1502 594 1563; x_wconf 91' lang='lat' dir='ltr'>Hominibus</span> <span class='ocrx_word' id='word_1_74' title='bbox 615 1503 761 1563; x_wconf 86' lang='lat' dir='ltr'>civitatis</span> <span class='ocrx_word' id='word_1_75' title='bbox 784 1502 926 1583; x_wconf 88' lang='lat' dir='ltr'>predicte</span> <span class='ocrx_word' id='word_1_76' title='bbox 944 1502 1000 1583; x_wconf 84' lang='lat' dir='ltr'>(b),</span> <span class='ocrx_word' id='word_1_77' title='bbox 1022 1517 1052 1562; x_wconf 88' lang='lat' dir='ltr'>et</span> <span class='ocrx_word' id='word_1_78' title='bbox 1077 1502 1116 1562; x_wconf 92' lang='lat' dir='ltr'>ad</span> <span class='ocrx_word' id='word_1_79' title='bbox 1142 1500 1327 1561; x_wconf 90' lang='lat' dir='ltr'>faciendum</span> 
     </span>
     <span class='ocr_line' id='line_1_10' title="bbox 99 1615 1329 1700; baseline -0.003 -22"><span class='ocrx_word' id='word_1_80' title='bbox 99 1632 204 1700; x_wconf 89' lang='lat' dir='ltr'>pacta,</span> <span class='ocrx_word' id='word_1_81' title='bbox 219 1618 466 1688; x_wconf 68' lang='lat' dir='ltr'>cons’enciones,</span> <span class='ocrx_word' id='word_1_82' title='bbox 481 1618 723 1699; x_wconf 84' lang='lat' dir='ltr'>stipulationes,</span> <span class='ocrx_word' id='word_1_83' title='bbox 740 1618 1233 1699; x_wconf 89' lang='lat' dir='ltr'>promissiones,transactiones,</span> <span class='ocrx_word' id='word_1_84' title='bbox 1250 1615 1329 1676; x_wconf 90' lang='lat' dir='ltr'>fines</span> 
     </span>
     <span class='ocr_line' id='line_1_11' title="bbox 97 1733 1328 1816; baseline -0.002 -20"><span class='ocrx_word' id='word_1_85' title='bbox 97 1749 128 1796; x_wconf 88' lang='lat' dir='ltr'>et</span> <span class='ocrx_word' id='word_1_86' title='bbox 145 1734 348 1795; x_wconf 87' lang='lat' dir='ltr'>remissiones</span> <span class='ocrx_word' id='word_1_87' title='bbox 366 1736 404 1795; x_wconf 93' lang='lat' dir='ltr'>de</span> <span class='ocrx_word' id='word_1_88' title='bbox 427 1734 580 1795; x_wconf 89' lang='lat' dir='ltr'>omnibus</span> <span class='ocrx_word' id='word_1_89' title='bbox 596 1735 758 1816; x_wconf 88' lang='lat' dir='ltr'>dampnis,</span> <span class='ocrx_word' id='word_1_90' title='bbox 776 1734 923 1805; x_wconf 87' lang='lat' dir='ltr'>robariis,</span> <span class='ocrx_word' id='word_1_91' title='bbox 940 1734 1080 1803; x_wconf 91' lang='lat' dir='ltr'>iniuriis,</span> <span class='ocrx_word' id='word_1_92' title='bbox 1103 1733 1281 1793; x_wconf 88' lang='lat' dir='ltr'>lesionibus</span> <span class='ocrx_word' id='word_1_93' title='bbox 1296 1746 1328 1793; x_wconf 89' lang='lat' dir='ltr'>et</span> 
     </span>
     <span class='ocr_line' id='line_1_12' title="bbox 97 1849 1329 1932; baseline 0 -22"><span class='ocrx_word' id='word_1_94' title='bbox 97 1850 342 1919; x_wconf 85' lang='lat' dir='ltr'>offensionibus,</span> <span class='ocrx_word' id='word_1_95' title='bbox 357 1851 499 1911; x_wconf 88' lang='lat' dir='ltr'>realibus</span> <span class='ocrx_word' id='word_1_96' title='bbox 522 1866 553 1912; x_wconf 92' lang='lat' dir='ltr'>et</span> <span class='ocrx_word' id='word_1_97' title='bbox 577 1852 803 1932; x_wconf 89' lang='lat' dir='ltr'>personalibus</span> <span class='ocrx_word' id='word_1_98' title='bbox 818 1865 849 1912; x_wconf 92' lang='lat' dir='ltr'>et</span> <span class='ocrx_word' id='word_1_99' title='bbox 867 1851 978 1911; x_wconf 81' lang='lat' dir='ltr'>mixtis</span> <span class='ocrx_word' id='word_1_100' title='bbox 1001 1850 1146 1912; x_wconf 85' lang='lat' dir='ltr'>Comuni</span> <span class='ocrx_word' id='word_1_101' title='bbox 1165 1864 1194 1910; x_wconf 90' lang='lat' dir='ltr'>et</span> <span class='ocrx_word' id='word_1_102' title='bbox 1217 1849 1329 1930; x_wconf 86' lang='lat' dir='ltr'>singu-</span> 
     </span>
     <span class='ocr_line' id='line_1_13' title="bbox 99 1965 1328 2047; baseline 0 -22"><span class='ocrx_word' id='word_1_103' title='bbox 99 1965 223 2025; x_wconf 89' lang='lat' dir='ltr'>laribus</span> <span class='ocrx_word' id='word_1_104' title='bbox 245 1966 389 2046; x_wconf 91' lang='lat' dir='ltr'>personis</span> <span class='ocrx_word' id='word_1_105' title='bbox 413 1965 541 2026; x_wconf 81' lang='lat' dir='ltr'>Verone</span> <span class='ocrx_word' id='word_1_106' title='bbox 565 1973 610 2041; x_wconf 88' lang='lat' dir='ltr'>(e)</span> <span class='ocrx_word' id='word_1_107' title='bbox 632 1982 662 2028; x_wconf 91' lang='lat' dir='ltr'>et</span> <span class='ocrx_word' id='word_1_108' title='bbox 686 1967 753 2027; x_wconf 91' lang='lat' dir='ltr'>eius</span> <span class='ocrx_word' id='word_1_109' title='bbox 785 1967 953 2028; x_wconf 89' lang='lat' dir='ltr'>districtus</span> <span class='ocrx_word' id='word_1_110' title='bbox 986 1966 1126 2047; x_wconf 89' lang='lat' dir='ltr'>presenti</span> <span class='ocrx_word' id='word_1_111' title='bbox 1154 1986 1271 2046; x_wconf 86' lang='lat' dir='ltr'>guerra</span> <span class='ocrx_word' id='word_1_112' title='bbox 1295 1981 1328 2025; x_wconf 89' lang='lat' dir='ltr'>et</span> 
     </span>
     <span class='ocr_line' id='line_1_14' title="bbox 97 2081 1329 2164; baseline -0.001 -21"><span class='ocrx_word' id='word_1_113' title='bbox 97 2082 166 2143; x_wconf 88' lang='lat' dir='ltr'>eius</span> <span class='ocrx_word' id='word_1_114' title='bbox 180 2082 347 2143; x_wconf 91' lang='lat' dir='ltr'>occasione</span> <span class='ocrx_word' id='word_1_115' title='bbox 363 2102 419 2164; x_wconf 89' lang='lat' dir='ltr'>per</span> <span class='ocrx_word' id='word_1_116' title='bbox 434 2083 584 2144; x_wconf 89' lang='lat' dir='ltr'>Comune</span> <span class='ocrx_word' id='word_1_117' title='bbox 599 2099 629 2144; x_wconf 93' lang='lat' dir='ltr'>et</span> <span class='ocrx_word' id='word_1_118' title='bbox 642 2083 799 2144; x_wconf 89' lang='lat' dir='ltr'>Homines</span> <span class='ocrx_word' id='word_1_119' title='bbox 811 2098 842 2143; x_wconf 89' lang='lat' dir='ltr'>et</span> <span class='ocrx_word' id='word_1_120' title='bbox 854 2083 1035 2163; x_wconf 81' lang='lat' dir='ltr'>singulares</span> <span class='ocrx_word' id='word_1_121' title='bbox 1048 2100 1200 2162; x_wconf 91' lang='lat' dir='ltr'>personas</span> <span class='ocrx_word' id='word_1_122' title='bbox 1216 2081 1329 2142; x_wconf 87' lang='lat' dir='ltr'>Brixie</span> 
     </span>
     <span class='ocr_line' id='line_1_15' title="bbox 96 2198 1328 2280; baseline 0 -21"><span class='ocrx_word' id='word_1_123' title='bbox 96 2211 129 2259; x_wconf 85' lang='lat' dir='ltr'>et</span> <span class='ocrx_word' id='word_1_124' title='bbox 151 2199 219 2259; x_wconf 92' lang='lat' dir='ltr'>eius</span> <span class='ocrx_word' id='word_1_125' title='bbox 237 2198 406 2259; x_wconf 87' lang='lat' dir='ltr'>districtus</span> <span class='ocrx_word' id='word_1_126' title='bbox 428 2198 476 2271; x_wconf 83' lang='lat' dir='ltr'>(d)</span> <span class='ocrx_word' id='word_1_127' title='bbox 498 2214 528 2260; x_wconf 90' lang='lat' dir='ltr'>et</span> <span class='ocrx_word' id='word_1_128' title='bbox 552 2220 607 2280; x_wconf 90' lang='lat' dir='ltr'>per</span> <span class='ocrx_word' id='word_1_129' title='bbox 641 2219 864 2279; x_wconf 85' lang='lat' dir='ltr'>quascumque</span> <span class='ocrx_word' id='word_1_130' title='bbox 893 2198 972 2259; x_wconf 91' lang='lat' dir='ltr'>alias</span> <span class='ocrx_word' id='word_1_131' title='bbox 999 2218 1150 2280; x_wconf 88' lang='lat' dir='ltr'>personas</span> <span class='ocrx_word' id='word_1_132' title='bbox 1172 2198 1274 2260; x_wconf 89' lang='lat' dir='ltr'>illatis</span> <span class='ocrx_word' id='word_1_133' title='bbox 1296 2212 1328 2259; x_wconf 90' lang='lat' dir='ltr'>et</span> 
     </span>
     <span class='ocr_line' id='line_1_16' title="bbox 98 2314 1330 2396; baseline -0.001 -21"><span class='ocrx_word' id='word_1_134' title='bbox 98 2315 205 2387; x_wconf 88' lang='lat' dir='ltr'>factis;</span> <span class='ocrx_word' id='word_1_135' title='bbox 229 2329 259 2376; x_wconf 92' lang='lat' dir='ltr'>et</span> <span class='ocrx_word' id='word_1_136' title='bbox 283 2316 322 2375; x_wconf 90' lang='lat' dir='ltr'>ad</span> <span class='ocrx_word' id='word_1_137' title='bbox 347 2314 566 2376; x_wconf 85' lang='lat' dir='ltr'>lideiussiorres</span> <span class='ocrx_word' id='word_1_138' title='bbox 588 2331 618 2376; x_wconf 95' lang='lat' dir='ltr'>et</span> <span class='ocrx_word' id='word_1_139' title='bbox 642 2332 846 2377; x_wconf 87' lang='lat' dir='ltr'>sacramenta</span> <span class='ocrx_word' id='word_1_140' title='bbox 871 2315 1061 2396; x_wconf 89' lang='lat' dir='ltr'>prestandas</span> <span class='ocrx_word' id='word_1_141' title='bbox 1088 2329 1118 2376; x_wconf 90' lang='lat' dir='ltr'>et</span> <span class='ocrx_word' id='word_1_142' title='bbox 1142 2314 1182 2375; x_wconf 92' lang='lat' dir='ltr'>ad</span> <span class='ocrx_word' id='word_1_143' title='bbox 1206 2315 1330 2395; x_wconf 90' lang='lat' dir='ltr'>obliga·</span> 
     </span>
     <span class='ocr_line' id='line_1_17' title="bbox 98 2430 1330 2511; baseline 0 -21"><span class='ocrx_word' id='word_1_144' title='bbox 98 2430 202 2490; x_wconf 86' lang='lat' dir='ltr'>tiones</span> <span class='ocrx_word' id='word_1_145' title='bbox 223 2449 297 2489; x_wconf 89' lang='lat' dir='ltr'>cum</span> <span class='ocrx_word' id='word_1_146' title='bbox 322 2450 403 2509; x_wconf 85' lang='lat' dir='ltr'>pena</span> <span class='ocrx_word' id='word_1_147' title='bbox 427 2445 457 2492; x_wconf 90' lang='lat' dir='ltr'>ct</span> <span class='ocrx_word' id='word_1_148' title='bbox 480 2432 547 2491; x_wconf 85' lang='lat' dir='ltr'>sine</span> <span class='ocrx_word' id='word_1_149' title='bbox 572 2452 653 2511; x_wconf 87' lang='lat' dir='ltr'>pena</span> <span class='ocrx_word' id='word_1_150' title='bbox 677 2448 708 2493; x_wconf 92' lang='lat' dir='ltr'>et</span> <span class='ocrx_word' id='word_1_151' title='bbox 734 2432 955 2493; x_wconf 84' lang='lat' dir='ltr'>restitutiones</span> <span class='ocrx_word' id='word_1_152' title='bbox 971 2450 1259 2511; x_wconf 81' lang='lat' dir='ltr'>quorumcumque</span> <span class='ocrx_word' id='word_1_153' title='bbox 1284 2430 1330 2490; x_wconf 91' lang='lat' dir='ltr'>lo-</span> 
     </span>
     <span class='ocr_line' id='line_1_18' title="bbox 97 2548 1331 2630; baseline 0.001 -23"><span class='ocrx_word' id='word_1_154' title='bbox 97 2567 224 2617; x_wconf 86' lang='lat' dir='ltr'>corum,</span> <span class='ocrx_word' id='word_1_155' title='bbox 247 2566 356 2606; x_wconf 86' lang='lat' dir='ltr'>rerum</span> <span class='ocrx_word' id='word_1_156' title='bbox 380 2563 410 2607; x_wconf 92' lang='lat' dir='ltr'>et</span> <span class='ocrx_word' id='word_1_157' title='bbox 436 2568 649 2628; x_wconf 88' lang='lat' dir='ltr'>personarum</span> <span class='ocrx_word' id='word_1_158' title='bbox 675 2549 836 2610; x_wconf 87' lang='lat' dir='ltr'>faciendas</span> <span class='ocrx_word' id='word_1_159' title='bbox 846 2570 853 2623; x_wconf 71' lang='lat'><em>3</em></span> <span class='ocrx_word' id='word_1_160' title='bbox 876 2565 906 2610; x_wconf 90' lang='lat' dir='ltr'>et</span> <span class='ocrx_word' id='word_1_161' title='bbox 930 2570 945 2609; x_wconf 91' lang='lat' dir='ltr'>e</span> <span class='ocrx_word' id='word_1_162' title='bbox 969 2563 1094 2618; x_wconf 89' lang='lat' dir='ltr'>contra,</span> <span class='ocrx_word' id='word_1_163' title='bbox 1114 2548 1153 2609; x_wconf 90' lang='lat' dir='ltr'>ad</span> <span class='ocrx_word' id='word_1_164' title='bbox 1172 2549 1331 2630; x_wconf 87' lang='lat' dir='ltr'>recipien-</span> 
     </span>
     <span class='ocr_line' id='line_1_19' title="bbox 96 2665 1328 2746; baseline 0 -22"><span class='ocrx_word' id='word_1_165' title='bbox 96 2665 175 2724; x_wconf 89' lang='lat' dir='ltr'>dum</span> <span class='ocrx_word' id='word_1_166' title='bbox 190 2678 295 2744; x_wconf 88' lang='lat' dir='ltr'>pacta,</span> <span class='ocrx_word' id='word_1_167' title='bbox 308 2665 554 2735; x_wconf 72' lang='lat' dir='ltr'>conventiones,</span> <span class='ocrx_word' id='word_1_168' title='bbox 569 2666 806 2746; x_wconf 82' lang='lat' dir='ltr'>promissiones,</span> <span class='ocrx_word' id='word_1_169' title='bbox 822 2666 1062 2745; x_wconf 86' lang='lat' dir='ltr'>stipulationes,</span> <span class='ocrx_word' id='word_1_170' title='bbox 1079 2666 1328 2734; x_wconf 82' lang='lat' dir='ltr'>transactiones,</span> 
     </span>
     <span class='ocr_line' id='line_1_20' title="bbox 99 2779 1330 2860; baseline -0.002 -21"><span class='ocrx_word' id='word_1_171' title='bbox 99 2779 177 2840; x_wconf 83' lang='lat' dir='ltr'>lines</span> <span class='ocrx_word' id='word_1_172' title='bbox 202 2795 233 2839; x_wconf 88' lang='lat' dir='ltr'>ct</span> <span class='ocrx_word' id='word_1_173' title='bbox 257 2779 459 2840; x_wconf 86' lang='lat' dir='ltr'>remissiones</span> <span class='ocrx_word' id='word_1_174' title='bbox 482 2780 519 2839; x_wconf 91' lang='lat' dir='ltr'>de</span> <span class='ocrx_word' id='word_1_175' title='bbox 543 2781 697 2840; x_wconf 86' lang='lat' dir='ltr'>omnibus</span> <span class='ocrx_word' id='word_1_176' title='bbox 719 2781 880 2860; x_wconf 81' lang='lat' dir='ltr'>dampnis,</span> <span class='ocrx_word' id='word_1_177' title='bbox 905 2782 1052 2852; x_wconf 87' lang='lat' dir='ltr'>robariis‚</span> <span class='ocrx_word' id='word_1_178' title='bbox 1075 2780 1216 2849; x_wconf 74' lang='lat' dir='ltr'>iniuriis</span> <span class='ocrx_word' id='word_1_179' title='bbox 1239 2780 1330 2840; x_wconf 89' lang='lat' dir='ltr'>lesio·</span> 
     </span>
     <span class='ocr_line' id='line_1_21' title="bbox 97 2895 1329 2976; baseline 0 -22"><span class='ocrx_word' id='word_1_180' title='bbox 97 2896 193 2954; x_wconf 90' lang='lat' dir='ltr'>nibus</span> <span class='ocrx_word' id='word_1_181' title='bbox 216 2909 246 2954; x_wconf 90' lang='lat' dir='ltr'>et</span> <span class='ocrx_word' id='word_1_182' title='bbox 270 2895 503 2955; x_wconf 80' lang='lat' dir='ltr'>offensionibus</span> <span class='ocrx_word' id='word_1_183' title='bbox 527 2896 669 2955; x_wconf 89' lang='lat' dir='ltr'>realibus</span> <span class='ocrx_word' id='word_1_184' title='bbox 691 2910 721 2956; x_wconf 89' lang='lat' dir='ltr'>et</span> <span class='ocrx_word' id='word_1_185' title='bbox 746 2897 971 2976; x_wconf 88' lang='lat' dir='ltr'>personalibus</span> <span class='ocrx_word' id='word_1_186' title='bbox 988 2910 1018 2956; x_wconf 90' lang='lat' dir='ltr'>et</span> <span class='ocrx_word' id='word_1_187' title='bbox 1036 2896 1157 2964; x_wconf 84' lang='lat' dir='ltr'>mistis,</span> <span class='ocrx_word' id='word_1_188' title='bbox 1180 2895 1329 2956; x_wconf 91' lang='lat' dir='ltr'>Comuni</span> 
     </span>
    </p>
   </div>
   <div class='ocr_carea' id='block_1_3' title="bbox 97 3010 1328 3092">
    <p class='ocr_par' dir='ltr' id='par_1_3' title="bbox 97 3010 1328 3092">
     <span class='ocr_line' id='line_1_22' title="bbox 97 3010 1328 3092; baseline 0.002 -22"><span class='ocrx_word' id='word_1_189' title='bbox 97 3025 128 3070; x_wconf 91' lang='lat' dir='ltr'>et</span> <span class='ocrx_word' id='word_1_190' title='bbox 141 3010 364 3090; x_wconf 82' lang='lat' dir='ltr'>singularibus</span> <span class='ocrx_word' id='word_1_191' title='bbox 384 3012 527 3091; x_wconf 83' lang='lat' dir='ltr'>personis</span> <span class='ocrx_word' id='word_1_192' title='bbox 541 3012 649 3072; x_wconf 82' lang='lat' dir='ltr'>Brixie</span> <span class='ocrx_word' id='word_1_193' title='bbox 662 3026 691 3073; x_wconf 90' lang='lat' dir='ltr'>et</span> <span class='ocrx_word' id='word_1_194' title='bbox 705 3016 773 3072; x_wconf 90' lang='lat' dir='ltr'>cius</span> <span class='ocrx_word' id='word_1_195' title='bbox 788 3012 955 3074; x_wconf 87' lang='lat' dir='ltr'>districtus</span> <span class='ocrx_word' id='word_1_196' title='bbox 977 3019 1020 3084; x_wconf 86' lang='lat' dir='ltr'>(e)</span> <span class='ocrx_word' id='word_1_197' title='bbox 1050 3013 1190 3092; x_wconf 85' lang='lat' dir='ltr'>presenti</span> <span class='ocrx_word' id='word_1_198' title='bbox 1208 3032 1328 3091; x_wconf 87' lang='lat' dir='ltr'>guerra</span> 
     </span>
    </p>
   </div>
   <div class='ocr_carea' id='block_1_4' title="bbox 98 3128 1331 3559">
    <p class='ocr_par' dir='ltr' id='par_1_4' title="bbox 98 3128 1331 3559">
     <span class='ocr_line' id='line_1_23' title="bbox 98 3128 1330 3209; baseline 0.001 -23"><span class='ocrx_word' id='word_1_199' title='bbox 98 3142 128 3187; x_wconf 91' lang='lat' dir='ltr'>et</span> <span class='ocrx_word' id='word_1_200' title='bbox 151 3128 218 3187; x_wconf 87' lang='lat' dir='ltr'>eius</span> <span class='ocrx_word' id='word_1_201' title='bbox 240 3128 408 3187; x_wconf 83' lang='lat' dir='ltr'>occasione</span> <span class='ocrx_word' id='word_1_202' title='bbox 431 3148 486 3208; x_wconf 87' lang='lat' dir='ltr'>per</span> <span class='ocrx_word' id='word_1_203' title='bbox 510 3129 659 3189; x_wconf 86' lang='lat' dir='ltr'>Cornune</span> <span class='ocrx_word' id='word_1_204' title='bbox 682 3144 712 3190; x_wconf 88' lang='lat' dir='ltr'>ct</span> <span class='ocrx_word' id='word_1_205' title='bbox 739 3129 897 3189; x_wconf 87' lang='lat' dir='ltr'>Homines</span> <span class='ocrx_word' id='word_1_206' title='bbox 919 3144 949 3188; x_wconf 89' lang='lat' dir='ltr'>et</span> <span class='ocrx_word' id='word_1_207' title='bbox 972 3130 1153 3208; x_wconf 73' lang='lat' dir='ltr'>singulares</span> <span class='ocrx_word' id='word_1_208' title='bbox 1176 3148 1330 3209; x_wconf 87' lang='lat' dir='ltr'>personas</span> 
     </span>
     <span class='ocr_line' id='line_1_24' title="bbox 102 3242 1329 3326; baseline 0.002 -25"><span class='ocrx_word' id='word_1_209' title='bbox 102 3243 229 3303; x_wconf 80' lang='lat' dir='ltr'>Verone</span> <span class='ocrx_word' id='word_1_210' title='bbox 253 3242 316 3324; x_wconf 87' lang='lat' dir='ltr'>(f)</span> <span class='ocrx_word' id='word_1_211' title='bbox 338 3258 368 3302; x_wconf 93' lang='lat' dir='ltr'>et</span> <span class='ocrx_word' id='word_1_212' title='bbox 392 3244 459 3304; x_wconf 90' lang='lat' dir='ltr'>eins</span> <span class='ocrx_word' id='word_1_213' title='bbox 482 3245 650 3305; x_wconf 79' lang='lat' dir='ltr'>districtus</span> <span class='ocrx_word' id='word_1_214' title='bbox 680 3259 709 3305; x_wconf 79' lang='lat' dir='ltr'>ct</span> <span class='ocrx_word' id='word_1_215' title='bbox 735 3266 790 3325; x_wconf 86' lang='lat' dir='ltr'>per</span> <span class='ocrx_word' id='word_1_216' title='bbox 812 3266 1035 3326; x_wconf 70' lang='lat' dir='ltr'>quoscumque</span> <span class='ocrx_word' id='word_1_217' title='bbox 1065 3246 1144 3305; x_wconf 91' lang='lat' dir='ltr'>alias</span> <span class='ocrx_word' id='word_1_218' title='bbox 1175 3265 1329 3324; x_wconf 84' lang='lat' dir='ltr'>personas</span> 
     </span>
     <span class='ocr_line' id='line_1_25' title="bbox 100 3361 1330 3443; baseline 0.002 -23"><span class='ocrx_word' id='word_1_219' title='bbox 100 3362 199 3420; x_wconf 88' lang='lat' dir='ltr'>illatis</span> <span class='ocrx_word' id='word_1_220' title='bbox 221 3377 251 3421; x_wconf 88' lang='lat' dir='ltr'>et</span> <span class='ocrx_word' id='word_1_221' title='bbox 277 3361 384 3433; x_wconf 83' lang='lat' dir='ltr'>l&#39;actis;</span> <span class='ocrx_word' id='word_1_222' title='bbox 414 3377 445 3421; x_wconf 90' lang='lat' dir='ltr'>et</span> <span class='ocrx_word' id='word_1_223' title='bbox 469 3363 508 3422; x_wconf 86' lang='lat' dir='ltr'>ad</span> <span class='ocrx_word' id='word_1_224' title='bbox 533 3362 751 3423; x_wconf 79' lang='lat' dir='ltr'>fideiussiones</span> <span class='ocrx_word' id='word_1_225' title='bbox 780 3378 809 3423; x_wconf 89' lang='lat' dir='ltr'>et</span> <span class='ocrx_word' id='word_1_226' title='bbox 839 3379 1041 3423; x_wconf 83' lang='lat' dir='ltr'>sacramenta</span> <span class='ocrx_word' id='word_1_227' title='bbox 1070 3363 1274 3443; x_wconf 83' lang='lat' dir='ltr'>accipiendas</span> <span class='ocrx_word' id='word_1_228' title='bbox 1297 3377 1330 3422; x_wconf 90' lang='lat' dir='ltr'>et</span> 
     </span>
     <span class='ocr_line' id='line_1_26' title="bbox 99 3477 1331 3559; baseline 0.003 -23"><span class='ocrx_word' id='word_1_229' title='bbox 99 3478 138 3536; x_wconf 93' lang='lat' dir='ltr'>ad</span> <span class='ocrx_word' id='word_1_230' title='bbox 162 3477 380 3556; x_wconf 76' lang='lat' dir='ltr'>obligationes</span> <span class='ocrx_word' id='word_1_231' title='bbox 403 3498 475 3535; x_wconf 88' lang='lat' dir='ltr'>cum</span> <span class='ocrx_word' id='word_1_232' title='bbox 502 3498 582 3557; x_wconf 80' lang='lat' dir='ltr'>pena</span> <span class='ocrx_word' id='word_1_233' title='bbox 607 3492 636 3538; x_wconf 87' lang='lat' dir='ltr'>ct</span> <span class='ocrx_word' id='word_1_234' title='bbox 653 3478 720 3537; x_wconf 89' lang='lat' dir='ltr'>sine</span> <span class='ocrx_word' id='word_1_235' title='bbox 741 3500 821 3559; x_wconf 87' lang='lat' dir='ltr'>pena</span> <span class='ocrx_word' id='word_1_236' title='bbox 846 3494 875 3540; x_wconf 86' lang='lat' dir='ltr'>et</span> <span class='ocrx_word' id='word_1_237' title='bbox 902 3479 1142 3539; x_wconf 83' lang='lat' dir='ltr'>restitutionem</span> <span class='ocrx_word' id='word_1_238' title='bbox 1168 3498 1331 3557; x_wconf 85' lang='lat' dir='ltr'>quorum-</span> 
     </span>
    </p>
   </div>
   <div class='ocr_carea' id='block_1_5' title="bbox 94 3595 1328 3676">
    <p class='ocr_par' dir='ltr' id='par_1_5' title="bbox 94 3595 1328 3676">
     <span class='ocr_line' id='line_1_27' title="bbox 94 3595 1328 3676; baseline 0.002 -22"><span class='ocrx_word' id='word_1_239' title='bbox 94 3615 237 3674; x_wconf 73' lang='lat' dir='ltr'>cumque</span> <span class='ocrx_word' id='word_1_240' title='bbox 262 3595 419 3663; x_wconf 81' lang='lat' dir='ltr'>locorum,</span> <span class='ocrx_word' id='word_1_241' title='bbox 446 3615 552 3653; x_wconf 83' lang='lat' dir='ltr'>rerum</span> <span class='ocrx_word' id='word_1_242' title='bbox 571 3609 600 3653; x_wconf 86' lang='lat' dir='ltr'>et</span> <span class='ocrx_word' id='word_1_243' title='bbox 618 3616 830 3674; x_wconf 71' lang='lat' dir='ltr'>personarunt</span> <span class='ocrx_word' id='word_1_244' title='bbox 851 3597 1059 3676; x_wconf 82' lang='lat' dir='ltr'>recipiendas,</span> <span class='ocrx_word' id='word_1_245' title='bbox 1083 3611 1112 3655; x_wconf 89' lang='lat' dir='ltr'>et</span> <span class='ocrx_word' id='word_1_246' title='bbox 1130 3596 1328 3676; x_wconf 77' lang='lat' dir='ltr'>generaliter</span> 
     </span>
    </p>
   </div>
   <div class='ocr_carea' id='block_1_6' title="bbox 0 0 1434 4792">
    <p class='ocr_par' dir='ltr' id='par_1_6' title="bbox 0 0 1434 4792">
     <span class='ocr_line' id='line_1_28' title="bbox 0 0 1434 4792; baseline 0 0"><span class='ocrx_word' id='word_1_247' title='bbox 0 0 1434 4792; x_wconf 95' lang='lat' dir='ltr'> </span> 
     </span>
    </p>
   </div>
  </div>
 </body>
</html>
