2858 4792
103 445 157 505 126
400 461 570 504 aerrzroar
594 462 655 503 raa
678 460 807 503 varroni
831 461 850 501 r:
873 461 1026 503 naurova

180 675 239 737 Die
252 676 329 736 lune
344 675 464 757 quinto
479 674 659 744 setembris,
708 674 741 734 in
754 673 822 735 sala
837 679 887 747 (a)
902 676 986 754 picte
1001 673 1119 754 palacii
1131 672 1333 736 Communis

98 791 238 864 Verone,
261 793 466 873 presentibus
487 790 623 852 domino
647 790 817 852 Bernardo
839 791 878 851 de
900 790 1104 852 Altemanno
1126 791 1173 865 (b)
1194 791 1331 853 doctore

98 910 223 990 legum,
246 907 382 969 domino
406 906 551 990 ‚Culiano
573 903 732 976 Cart0x0,
754 905 891 967 domino
913 905 1027 968 Florio
1049 905 1222 968 Faulcerio
1245 907 1332 968 iudi·

97 1024 189 1086 cibus
211 1022 408 1085 Communis
437 1022 586 1097 Verone;
616 1021 752 1083 domino
777 1021 921 1084 Mastino
943 1021 982 1083 de
1004 1023 1034 1084 la
1065 1022 1170 1094 Scala,
1192 1022 1332 1086 domino

97 1139 249 1202 Antonio
269 1139 309 1201 de
330 1138 515 1220 NogaroliS,
536 1139 673 1200 domino
696 1136 840 1200 Caraclio
861 1138 901 1200 de
923 1138 1052 1212 Cereta,
1074 1139 1210 1202 domino
1232 1139 1330 1202 Boni-

99 1256 182 1316 facio
214 1254 252 1316 de
285 1253 409 1325 Bencis,
442 1253 578 1315 domino
611 1251 801 1315 Castellano
834 1253 990 1324 Roverso,
1022 1255 1158 1316 domino
1188 1255 1333 1318 Giroldo

99 1373 238 1450 Macula,
259 1371 396 1433 domino
418 1370 607 1433 Tomaxino
631 1370 786 1439 Roverso,
802 1370 938 1432 domino
953 1371 1075 1433 Jacobo
1090 1370 1129 1433 de
1150 1370 1331 1434 Casamara

98 1503 129 1551 et
155 1487 310 1550 Bertolclo
332 1486 465 1548 notario
487 1486 525 1548 de
549 1486 699 1548 Bonomo
721 1487 859 1548 testibus
881 1501 913 1547 et
936 1487 1018 1548 aliis.

179 1605 300 1667 Coram
324 1604 433 1665 nobile
456 1603 563 1665 milite
585 1603 721 1665 domino
744 1604 877 1666 Andalo
899 1604 1061 1667 laudabili
1085 1619 1244 1686 potestate
1267 1606 1333 1668 Ve-

100 1740 189 1792 rone,
204 1721 238 1781 in
253 1720 408 1782 Generali
428 1735 459 1781 et
480 1719 598 1781 Maiori
618 1718 766 1781 Consilio
788 1719 985 1782 Communis
1001 1721 1139 1792 Verone,
1152 1722 1191 1783 ad
1209 1741 1330 1783 sonum

98 1857 256 1919 campane
275 1857 365 1898 more
378 1837 475 1898 solito
491 1851 700 1917 congregato,
722 1837 870 1918 perlectis
885 1852 916 1898 et
933 1837 1146 1917 vulgaricatis
1168 1837 1234 1899 alta
1252 1857 1333 1898 voce

99 1975 155 2035 per
176 1954 287 2015 omnia
304 1968 335 2014 et
350 1953 479 2033 singula
504 1953 721 2034 infrascriptis
742 1953 896 2035 capitulis
912 1955 1062 2015 tractatis
1083 1973 1115 2014 et
1138 1953 1277 2014 firmatis
1294 1953 1330 2013 in

98 2071 264 2152 colloquio
287 2070 402 2131 habito
424 2070 512 2152 apud
537 2070 721 2132 Herbetum
739 2091 793 2152 per
814 2071 983 2150 Sapientes
999 2071 1173 2132 civitatum
1192 2071 1333 2132 Mantue

98 2204 129 2250 et
153 2187 292 2258 Verone,
314 2187 372 2268 qui
391 2204 619 2248 convenerunt
642 2188 675 2248 in
701 2207 817 2258 unum,
832 2206 976 2267 quorum
1001 2201 1096 2248 tenor
1118 2186 1255 2247 inferius
1271 2206 1331 2268 per

98 2303 211 2365 omnia
233 2304 375 2383 scriptus
396 2318 441 2363 est
465 2322 521 2382 per
542 2302 704 2363 ordinem.

182 2420 217 2480 ln
242 2420 375 2481 nomine
397 2434 508 2481 sancte
526 2434 557 2480 et
574 2419 744 2480 individue
760 2419 939 2480 Trinitatis
961 2420 1079 2492 Patris,
1102 2419 1189 2491 Filii,
1212 2434 1242 2481 et
1260 2419 1332 2500 Spi-

99 2536 182 2596 ritus
205 2534 329 2604 Sancti,
353 2535 445 2594 beate
469 2534 572 2594 lllarie
589 2532 734 2613 Virginis
749 2548 780 2594 et
799 2535 949 2595 omnium
972 2549 1174 2595 sanctorum.
1260 2533 1330 2595 Hec
1382 2552 1383 2555 ’

99 2668 143 2714 cst
168 2653 272 2713 forma
296 2652 492 2732 provisionis
507 2666 538 2712 et
561 2652 808 2714 deliberationis
832 2666 972 2714 tractate
989 2668 1020 2715 et
1038 2653 1149 2714 habite
1172 2652 1258 2713 inter
1273 2652 1332 2714 Sa·

99 2769 224 2848 pientes
245 2767 420 2828 civitatum
446 2767 583 2828 Mantue
605 2781 635 2826 et
663 2767 799 2838 Verone,
830 2768 888 2847 qui
911 2782 1138 2830 convenerunt
1162 2769 1195 2829 in
1220 2787 1328 2828 unum

102 2903 159 2962 pro
182 2903 257 2963 pace
281 2884 453 2942 tractanda
477 2898 507 2943 et
532 2883 693 2943 firmanda
718 2883 803 2944 inter
826 2884 913 2945 dicta
937 2883 1138 2946 Communia
1160 2904 1214 2945 seu
1239 2882 1332 2944 Civi-

101 3013 183 3059 tates
207 3000 344 3059 llantue
367 3012 397 3059 et
423 2999 551 3059 Verane
577 3013 607 3058 ct
633 2999 792 3060 Homines
813 3001 978 3061 dictarum
1004 3001 1179 3061 civitatum
1202 3014 1232 3061 et
1257 2996 1344 3061 aliis'

101 3115 283 3175 tractandis
298 3128 328 3175 et
352 3114 533 3185 firmandis,
549 3135 611 3193 que
628 3116 666 3176 ad
685 3135 794 3194 pacem
820 3116 996 3176 videantur
1014 3115 1139 3176 utiliter
1157 3115 1331 3196 pertinere.

180 3232 222 3309 [l]
248 3232 282 3291 ln
296 3234 410 3311 primis
423 3232 510 3311 quod
525 3232 580 3291 fiat
593 3247 623 3292 et
642 3232 791 3292 lirmetur
809 3252 869 3312 pax
888 3233 972 3294 inter
993 3233 1178 3293 Commune
1192 3232 1334 3293 Mantue

100 3363 130 3409 et
145 3349 273 3408 Verane
288 3363 317 3409 et
337 3349 495 3409 Homines
510 3350 699 3409 earumdem
723 3349 899 3409 civitatum
916 3364 945 3410 et
964 3347 1050 3430 quod
1064 3348 1175 3408 omnia
1195 3348 1332 3417 damna,

100 3465 230 3535 iniurie,
252 3464 454 3535 orl'ensioues,
478 3465 569 3525 illata
593 3481 624 3525 et
649 3465 733 3526 facta
766 3465 841 3524 lrinc
868 3466 943 3526 inde
967 3466 1107 3525 vicissim
1131 3465 1216 3525 inter
1239 3463 1329 3524 dicta

100 3583 300 3644 Communia
317 3600 348 3645 et
372 3584 528 3644 Homines
550 3585 729 3645 earumlem
755 3589 970 3646 remittantur
986 3600 1016 3646 et
1034 3584 1107 3644 linis
1129 3599 1160 3645 et
1186 3583 1332 3645 remissio

100 3700 155 3761 liat
180 3702 279 3762 libere
301 3716 331 3762 et
356 3703 512 3772 absolute,
536 3703 581 3762 ita
605 3702 692 3781 quod
717 3702 754 3762 de
777 3717 883 3762 cetero
908 3702 998 3763 nulla
1022 3702 1160 3781 questio,
1176 3720 1230 3761 seu
1253 3719 1331 3760 con-

100 3819 268 3887 troversia,
292 3820 339 3879 vel
365 3821 494 3898 querela
521 3819 588 3878 lieri
614 3820 661 3879 vel
685 3820 806 3879 moveri
832 3820 930 3897 possit
949 3819 987 3878 de
1004 3820 1085 3889 iure,
1110 3817 1212 3878 uelde
1233 3816 1333 3878 facto,

182 3938 185 4010 l
200 3936 240 4012 ll]
260 3936 338 3995 ltem
353 3936 440 4014 aum
455 3955 566 3994 omnes
582 3934 736 3994 carcerati
748 3935 786 3992 de
803 3934 939 3993 llantua
950 3948 980 3993 et
991 3933 1181 3992 districtuet
1197 3931 1334 3992 aliunde

102 4053 329 4131 umlecumque
345 4055 421 4122 sint,
445 4072 503 4131 pro
520 4072 637 4131 geterra
655 4052 806 4131 presenti,
829 4052 995 4110 ‹rccrrsione
1020 4050 1215 4109 Communis
1239 4049 1332 4109 Man·

101 4184 165 4238 tue,
179 4184 387 4247 preterquam
405 4168 442 4228 de
458 4168 586 4227 Verona
604 4183 634 4226 et
653 4167 829 4227 l'eroueusi
847 4168 1008 4236 districtu,
1024 4167 1080 4246 qui
1099 4165 1335 4244 intelligantur

102 4304 163 4342 esse
187 4284 397 4364 infrascripti,
413 4286 531 4345 scilicet
556 4286 583 4345 (Ι
610 4286 767 4345 llaconus
789 4286 826 4345 de
848 4285 1039 4354 Tirisendis,
1062 4286 1089 4345 (Ι
1114 4285 1275 4345 Bonosius
1291 4285 1331 4345 de

100 4400 222 4471 lebeta,
245 4403 273 4462 tl
300 4401 421 4474 (iricius
437 4404 473 4463 de
491 4403 648 4463 (loritella
666 4417 696 4462 et
715 4403 810 4474 lilius,
835 4405 862 4463 (l
889 4403 1082 4462 llonil'acius
1108 4403 1147 4463 de
1169 4402 1336 4462 Pisinusis
