<?xml version="1.0" encoding="UTF-8"?>
<!DOCTYPE html PUBLIC "-//W3C//DTD XHTML 1.0 Transitional//EN"
    "http://www.w3.org/TR/xhtml1/DTD/xhtml1-transitional.dtd">
<html xmlns="http://www.w3.org/1999/xhtml" xml:lang="en" lang="en">
 <head>
  <title>
</title>
<meta http-equiv="Content-Type" content="text/html;charset=utf-8" />
  <meta name='ocr-system' content='tesseract 3.04.00' />
  <meta name='ocr-capabilities' content='ocr_page ocr_carea ocr_par ocr_line ocrx_word'/>
</head>
<body>
  <div class='ocr_page' id='page_1' title='image "./documentiperlas00cipogoog/documentiperlas00cipogoog_0270.png"; bbox 0 0 2850 4776; ppageno 0'>
   <div class='ocr_carea' id='block_1_1' title="bbox 102 483 1029 562">
    <p class='ocr_par' dir='ltr' id='par_1_1' title="bbox 102 483 1029 562">
     <span class='ocr_line' id='line_1_1' title="bbox 102 483 1029 562; baseline -0.005 -19"><span class='ocrx_word' id='word_1_1' title='bbox 102 483 160 562; x_wconf 78' lang='lat'>246</span> <span class='ocrx_word' id='word_1_2' title='bbox 404 500 576 543; x_wconf 76' lang='lat' dir='ltr'>nscazronr</span> <span class='ocrx_word' id='word_1_3' title='bbox 602 501 661 541; x_wconf 78' lang='lat' dir='ltr'>rna</span> <span class='ocrx_word' id='word_1_4' title='bbox 685 499 813 540; x_wconf 65' lang='lat' dir='ltr'>cranous</span> <span class='ocrx_word' id='word_1_5' title='bbox 836 499 855 538; x_wconf 78' lang='lat' dir='ltr'>n</span> <span class='ocrx_word' id='word_1_6' title='bbox 878 497 1029 539; x_wconf 66' lang='lat' dir='ltr'>aaaron</span> 
     </span>
    </p>
   </div>
   <div class='ocr_carea' id='block_1_2' title="bbox 98 708 1332 1027">
    <p class='ocr_par' dir='ltr' id='par_1_2' title="bbox 98 708 1332 1027">
     <span class='ocr_line' id='line_1_2' title="bbox 99 708 1332 795; baseline -0.005 -19"><span class='ocrx_word' id='word_1_7' title='bbox 99 715 143 776; x_wconf 88' lang='lat' dir='ltr'>ris</span> <span class='ocrx_word' id='word_1_8' title='bbox 164 729 196 776; x_wconf 90' lang='lat' dir='ltr'>et</span> <span class='ocrx_word' id='word_1_9' title='bbox 218 714 360 794; x_wconf 86' lang='lat' dir='ltr'>iniurijs,</span> <span class='ocrx_word' id='word_1_10' title='bbox 381 734 444 795; x_wconf 89' lang='lat' dir='ltr'>que</span> <span class='ocrx_word' id='word_1_11' title='bbox 457 727 535 776; x_wconf 89' lang='lat' dir='ltr'>sunt</span> <span class='ocrx_word' id='word_1_12' title='bbox 552 715 602 776; x_wconf 85' lang='lat' dir='ltr'>vel</span> <span class='ocrx_word' id='word_1_13' title='bbox 626 713 784 775; x_wconf 88' lang='lat' dir='ltr'>hactenus</span> <span class='ocrx_word' id='word_1_14' title='bbox 807 712 943 774; x_wconf 85' lang='lat' dir='ltr'>fuerunt</span> <span class='ocrx_word' id='word_1_15' title='bbox 965 712 1052 773; x_wconf 89' lang='lat' dir='ltr'>inter</span> <span class='ocrx_word' id='word_1_16' title='bbox 1068 711 1250 792; x_wconf 89' lang='lat' dir='ltr'>predictum</span> <span class='ocrx_word' id='word_1_17' title='bbox 1275 708 1332 770; x_wconf 91' lang='lat' dir='ltr'>do·</span> 
     </span>
     <span class='ocr_line' id='line_1_3' title="bbox 99 828 1329 910; baseline -0.003 -19"><span class='ocrx_word' id='word_1_18' title='bbox 99 831 229 892; x_wconf 92' lang='lat' dir='ltr'>minum</span> <span class='ocrx_word' id='word_1_19' title='bbox 253 831 479 893; x_wconf 89' lang='lat' dir='ltr'>Marchionem</span> <span class='ocrx_word' id='word_1_20' title='bbox 509 845 540 892; x_wconf 92' lang='lat' dir='ltr'>et</span> <span class='ocrx_word' id='word_1_21' title='bbox 571 830 691 892; x_wconf 86' lang='lat' dir='ltr'>amicos</span> <span class='ocrx_word' id='word_1_22' title='bbox 714 830 823 910; x_wconf 91' lang='lat' dir='ltr'>ipsius,</span> <span class='ocrx_word' id='word_1_23' title='bbox 845 829 907 891; x_wconf 89' lang='lat' dir='ltr'>sibi</span> <span class='ocrx_word' id='word_1_24' title='bbox 927 828 1099 898; x_wconf 90' lang='lat' dir='ltr'>subiectos,</span> <span class='ocrx_word' id='word_1_25' title='bbox 1126 846 1278 909; x_wconf 86' lang='lat' dir='ltr'>sequaces</span> <span class='ocrx_word' id='word_1_26' title='bbox 1299 839 1329 888; x_wconf 93' lang='lat' dir='ltr'>et</span> 
     </span>
     <span class='ocr_line' id='line_1_4' title="bbox 98 942 1330 1027; baseline -0.002 -20"><span class='ocrx_word' id='word_1_27' title='bbox 98 944 301 1017; x_wconf 79' lang='lat' dir='ltr'>adherentes,</span> <span class='ocrx_word' id='word_1_28' title='bbox 323 946 526 1026; x_wconf 86' lang='lat' dir='ltr'>quicumque</span> <span class='ocrx_word' id='word_1_29' title='bbox 553 960 586 1008; x_wconf 88' lang='lat' dir='ltr'>et</span> <span class='ocrx_word' id='word_1_30' title='bbox 615 946 845 1027; x_wconf 84' lang='lat' dir='ltr'>undecumque</span> <span class='ocrx_word' id='word_1_31' title='bbox 866 945 944 1016; x_wconf 90' lang='lat' dir='ltr'>sint,</span> <span class='ocrx_word' id='word_1_32' title='bbox 965 957 997 1006; x_wconf 90' lang='lat' dir='ltr'>et</span> <span class='ocrx_word' id='word_1_33' title='bbox 1024 942 1175 1005; x_wconf 90' lang='lat' dir='ltr'>Comune</span> <span class='ocrx_word' id='word_1_34' title='bbox 1197 942 1330 1004; x_wconf 86' lang='lat' dir='ltr'>Ferarie</span> 
     </span>
    </p>
   </div>
   <div class='ocr_carea' id='block_1_3' title="bbox 97 1059 1330 1124">
    <p class='ocr_par' dir='ltr' id='par_1_3' title="bbox 97 1059 1330 1124">
     <span class='ocr_line' id='line_1_5' title="bbox 97 1059 1330 1124; baseline -0.004 -1"><span class='ocrx_word' id='word_1_35' title='bbox 97 1075 128 1123; x_wconf 91' lang='lat' dir='ltr'>et</span> <span class='ocrx_word' id='word_1_36' title='bbox 151 1063 302 1124; x_wconf 88' lang='lat' dir='ltr'>civitates</span> <span class='ocrx_word' id='word_1_37' title='bbox 323 1075 354 1124; x_wconf 90' lang='lat' dir='ltr'>et</span> <span class='ocrx_word' id='word_1_38' title='bbox 378 1064 445 1124; x_wconf 89' lang='lat' dir='ltr'>loca</span> <span class='ocrx_word' id='word_1_39' title='bbox 468 1076 501 1124; x_wconf 90' lang='lat' dir='ltr'>et</span> <span class='ocrx_word' id='word_1_40' title='bbox 523 1076 628 1124; x_wconf 85' lang='lat' dir='ltr'>castra</span> <span class='ocrx_word' id='word_1_41' title='bbox 651 1062 796 1124; x_wconf 90' lang='lat' dir='ltr'>subiecta</span> <span class='ocrx_word' id='word_1_42' title='bbox 818 1061 907 1124; x_wconf 90' lang='lat' dir='ltr'>dicto</span> <span class='ocrx_word' id='word_1_43' title='bbox 928 1061 1065 1122; x_wconf 90' lang='lat' dir='ltr'>domino</span> <span class='ocrx_word' id='word_1_44' title='bbox 1083 1059 1270 1122; x_wconf 89' lang='lat' dir='ltr'>Marchioni</span> <span class='ocrx_word' id='word_1_45' title='bbox 1292 1078 1330 1119; x_wconf 82' lang='lat' dir='ltr'>ex</span> 
     </span>
    </p>
   </div>
   <div class='ocr_carea' id='block_1_4' title="bbox 63 1174 1334 2307">
    <p class='ocr_par' dir='ltr' id='par_1_4' title="bbox 63 1174 1334 2307">
     <span class='ocr_line' id='line_1_6' title="bbox 63 1174 1330 1260; baseline -0.002 -22"><span class='ocrx_word' id='word_1_46' title='bbox 63 1225 66 1233; x_wconf 93' lang='lat'>.</span> <span class='ocrx_word' id='word_1_47' title='bbox 101 1199 167 1240; x_wconf 89' lang='lat' dir='ltr'>una</span> <span class='ocrx_word' id='word_1_48' title='bbox 190 1193 294 1259; x_wconf 81' lang='lat' dir='ltr'>parte,</span> <span class='ocrx_word' id='word_1_49' title='bbox 315 1193 347 1240; x_wconf 86' lang='lat' dir='ltr'>et</span> <span class='ocrx_word' id='word_1_50' title='bbox 369 1178 476 1260; x_wconf 89' lang='lat' dir='ltr'>ipsum</span> <span class='ocrx_word' id='word_1_51' title='bbox 510 1179 684 1240; x_wconf 92' lang='lat' dir='ltr'>dominum</span> <span class='ocrx_word' id='word_1_52' title='bbox 719 1178 952 1239; x_wconf 88' lang='lat' dir='ltr'>Pinamontem</span> <span class='ocrx_word' id='word_1_53' title='bbox 975 1190 1007 1238; x_wconf 89' lang='lat' dir='ltr'>et</span> <span class='ocrx_word' id='word_1_54' title='bbox 1029 1196 1103 1237; x_wconf 93' lang='lat' dir='ltr'>suos</span> <span class='ocrx_word' id='word_1_55' title='bbox 1124 1190 1155 1237; x_wconf 92' lang='lat' dir='ltr'>et</span> <span class='ocrx_word' id='word_1_56' title='bbox 1178 1174 1330 1236; x_wconf 89' lang='lat' dir='ltr'>Comune</span> 
     </span>
     <span class='ocr_line' id='line_1_7' title="bbox 101 1292 1332 1364; baseline -0.002 -8"><span class='ocrx_word' id='word_1_57' title='bbox 101 1296 240 1357; x_wconf 88' lang='lat' dir='ltr'>Mantue</span> <span class='ocrx_word' id='word_1_58' title='bbox 261 1309 292 1356; x_wconf 92' lang='lat' dir='ltr'>et</span> <span class='ocrx_word' id='word_1_59' title='bbox 314 1297 475 1357; x_wconf 90' lang='lat' dir='ltr'>subiectos</span> <span class='ocrx_word' id='word_1_60' title='bbox 496 1296 585 1358; x_wconf 91' lang='lat' dir='ltr'>dicto</span> <span class='ocrx_word' id='word_1_61' title='bbox 608 1294 744 1357; x_wconf 92' lang='lat' dir='ltr'>domino</span> <span class='ocrx_word' id='word_1_62' title='bbox 765 1294 970 1364; x_wconf 84' lang='lat' dir='ltr'>Pinamonti,</span> <span class='ocrx_word' id='word_1_63' title='bbox 994 1294 1043 1354; x_wconf 91' lang='lat' dir='ltr'>vei</span> <span class='ocrx_word' id='word_1_64' title='bbox 1072 1293 1172 1354; x_wconf 85' lang='lat' dir='ltr'>alicui</span> <span class='ocrx_word' id='word_1_65' title='bbox 1194 1293 1233 1354; x_wconf 89' lang='lat' dir='ltr'>de</span> <span class='ocrx_word' id='word_1_66' title='bbox 1254 1292 1332 1353; x_wconf 85' lang='lat' dir='ltr'>civi-</span> 
     </span>
     <span class='ocr_line' id='line_1_8' title="bbox 101 1411 1331 1494; baseline -0.002 -21"><span class='ocrx_word' id='word_1_67' title='bbox 101 1426 168 1474; x_wconf 84' lang='lat' dir='ltr'>tate</span> <span class='ocrx_word' id='word_1_68' title='bbox 192 1413 329 1473; x_wconf 85' lang='lat' dir='ltr'>Mantue</span> <span class='ocrx_word' id='word_1_69' title='bbox 362 1414 412 1474; x_wconf 85' lang='lat' dir='ltr'>vel</span> <span class='ocrx_word' id='word_1_70' title='bbox 444 1413 633 1494; x_wconf 88' lang='lat' dir='ltr'>episcopatu</span> <span class='ocrx_word' id='word_1_71' title='bbox 656 1419 716 1486; x_wconf 85' lang='lat' dir='ltr'>(a),</span> <span class='ocrx_word' id='word_1_72' title='bbox 738 1427 769 1474; x_wconf 89' lang='lat' dir='ltr'>et</span> <span class='ocrx_word' id='word_1_73' title='bbox 792 1426 898 1474; x_wconf 88' lang='lat' dir='ltr'>castra</span> <span class='ocrx_word' id='word_1_74' title='bbox 922 1425 953 1473; x_wconf 94' lang='lat' dir='ltr'>et</span> <span class='ocrx_word' id='word_1_75' title='bbox 977 1413 1046 1472; x_wconf 88' lang='lat' dir='ltr'>loca</span> <span class='ocrx_word' id='word_1_76' title='bbox 1074 1411 1220 1473; x_wconf 89' lang='lat' dir='ltr'>subiecta</span> <span class='ocrx_word' id='word_1_77' title='bbox 1243 1411 1331 1473; x_wconf 88' lang='lat' dir='ltr'>dicto</span> 
     </span>
     <span class='ocr_line' id='line_1_9' title="bbox 100 1528 1332 1610; baseline -0.001 -21"><span class='ocrx_word' id='word_1_78' title='bbox 100 1529 237 1590; x_wconf 92' lang='lat' dir='ltr'>domino</span> <span class='ocrx_word' id='word_1_79' title='bbox 260 1529 452 1591; x_wconf 84' lang='lat' dir='ltr'>Pinamonti</span> <span class='ocrx_word' id='word_1_80' title='bbox 476 1532 525 1590; x_wconf 83' lang='lat' dir='ltr'>vel</span> <span class='ocrx_word' id='word_1_81' title='bbox 549 1531 647 1592; x_wconf 89' lang='lat' dir='ltr'>alicui</span> <span class='ocrx_word' id='word_1_82' title='bbox 671 1529 726 1609; x_wconf 91' lang='lat' dir='ltr'>alij</span> <span class='ocrx_word' id='word_1_83' title='bbox 743 1529 781 1590; x_wconf 90' lang='lat' dir='ltr'>de</span> <span class='ocrx_word' id='word_1_84' title='bbox 804 1529 939 1590; x_wconf 84' lang='lat' dir='ltr'>civitate</span> <span class='ocrx_word' id='word_1_85' title='bbox 961 1530 1012 1590; x_wconf 88' lang='lat' dir='ltr'>vei</span> <span class='ocrx_word' id='word_1_86' title='bbox 1035 1529 1223 1610; x_wconf 88' lang='lat' dir='ltr'>episcopatu</span> <span class='ocrx_word' id='word_1_87' title='bbox 1241 1528 1332 1588; x_wconf 90' lang='lat' dir='ltr'>Man·</span> 
     </span>
     <span class='ocr_line' id='line_1_10' title="bbox 102 1645 1331 1728; baseline -0.004 -19"><span class='ocrx_word' id='word_1_88' title='bbox 102 1662 157 1709; x_wconf 91' lang='lat' dir='ltr'>tne</span> <span class='ocrx_word' id='word_1_89' title='bbox 179 1669 215 1708; x_wconf 88' lang='lat' dir='ltr'>ex</span> <span class='ocrx_word' id='word_1_90' title='bbox 240 1649 354 1718; x_wconf 87' lang='lat' dir='ltr'>altera,</span> <span class='ocrx_word' id='word_1_91' title='bbox 377 1662 413 1710; x_wconf 92' lang='lat' dir='ltr'>ut</span> <span class='ocrx_word' id='word_1_92' title='bbox 437 1649 470 1709; x_wconf 94' lang='lat' dir='ltr'>in</span> <span class='ocrx_word' id='word_1_93' title='bbox 494 1648 727 1728; x_wconf 88' lang='lat' dir='ltr'>compromisso</span> <span class='ocrx_word' id='word_1_94' title='bbox 750 1647 791 1708; x_wconf 89' lang='lat' dir='ltr'>ab</span> <span class='ocrx_word' id='word_1_95' title='bbox 813 1647 857 1707; x_wconf 92' lang='lat' dir='ltr'>eis</span> <span class='ocrx_word' id='word_1_96' title='bbox 880 1647 913 1707; x_wconf 90' lang='lat' dir='ltr'>in</span> <span class='ocrx_word' id='word_1_97' title='bbox 935 1665 992 1706; x_wconf 91' lang='lat' dir='ltr'>nos</span> <span class='ocrx_word' id='word_1_98' title='bbox 1016 1645 1112 1717; x_wconf 68' lang='lat' dir='ltr'>sacto</span> <span class='ocrx_word' id='word_1_99' title='bbox 1127 1645 1249 1726; x_wconf 89' lang='lat' dir='ltr'>scripto</span> <span class='ocrx_word' id='word_1_100' title='bbox 1269 1645 1331 1704; x_wconf 89' lang='lat' dir='ltr'>sub</span> 
     </span>
     <span class='ocr_line' id='line_1_11' title="bbox 100 1760 1331 1844; baseline -0.002 -22"><span class='ocrx_word' id='word_1_101' title='bbox 100 1763 193 1842; x_wconf 82' lang='lat' dir='ltr'>signo</span> <span class='ocrx_word' id='word_1_102' title='bbox 214 1778 246 1824; x_wconf 89' lang='lat' dir='ltr'>ct</span> <span class='ocrx_word' id='word_1_103' title='bbox 269 1763 404 1824; x_wconf 91' lang='lat' dir='ltr'>nomine</span> <span class='ocrx_word' id='word_1_104' title='bbox 418 1763 621 1844; x_wconf 84' lang='lat' dir='ltr'>infrascripti</span> <span class='ocrx_word' id='word_1_105' title='bbox 646 1760 779 1841; x_wconf 74' lang='lat' dir='ltr'>notarii,</span> <span class='ocrx_word' id='word_1_106' title='bbox 795 1762 922 1842; x_wconf 89' lang='lat' dir='ltr'>plenius</span> <span class='ocrx_word' id='word_1_107' title='bbox 944 1760 1146 1831; x_wconf 88' lang='lat' dir='ltr'>continetur,</span> <span class='ocrx_word' id='word_1_108' title='bbox 1167 1781 1205 1821; x_wconf 86' lang='lat' dir='ltr'>ex</span> <span class='ocrx_word' id='word_1_109' title='bbox 1228 1760 1331 1820; x_wconf 85' lang='lat' dir='ltr'>libera</span> 
     </span>
     <span class='ocr_line' id='line_1_12' title="bbox 102 1877 1332 1962; baseline -0.002 -23"><span class='ocrx_word' id='word_1_110' title='bbox 102 1894 263 1958; x_wconf 84' lang='lat' dir='ltr'>potestate</span> <span class='ocrx_word' id='word_1_111' title='bbox 287 1879 380 1940; x_wconf 92' lang='lat' dir='ltr'>nobis</span> <span class='ocrx_word' id='word_1_112' title='bbox 403 1881 551 1962; x_wconf 87' lang='lat' dir='ltr'>utrisque</span> <span class='ocrx_word' id='word_1_113' title='bbox 576 1880 654 1941; x_wconf 86' lang='lat' dir='ltr'>data</span> <span class='ocrx_word' id='word_1_114' title='bbox 682 1893 712 1940; x_wconf 89' lang='lat' dir='ltr'>et</span> <span class='ocrx_word' id='word_1_115' title='bbox 729 1899 873 1940; x_wconf 88' lang='lat' dir='ltr'>concessa</span> <span class='ocrx_word' id='word_1_116' title='bbox 900 1879 933 1939; x_wconf 88' lang='lat' dir='ltr'>in</span> <span class='ocrx_word' id='word_1_117' title='bbox 957 1877 1113 1939; x_wconf 90' lang='lat' dir='ltr'>omnibus</span> <span class='ocrx_word' id='word_1_118' title='bbox 1133 1877 1332 1959; x_wconf 88' lang='lat' dir='ltr'>supradictis</span> 
     </span>
     <span class='ocr_line' id='line_1_13' title="bbox 102 1996 1334 2078; baseline -0.001 -22"><span class='ocrx_word' id='word_1_119' title='bbox 102 2010 132 2056; x_wconf 92' lang='lat' dir='ltr'>et</span> <span class='ocrx_word' id='word_1_120' title='bbox 155 1996 322 2057; x_wconf 75' lang='lat' dir='ltr'>occasione</span> <span class='ocrx_word' id='word_1_121' title='bbox 345 1997 501 2078; x_wconf 89' lang='lat' dir='ltr'>ipsorum,</span> <span class='ocrx_word' id='word_1_122' title='bbox 519 1997 577 2058; x_wconf 87' lang='lat' dir='ltr'>Dei</span> <span class='ocrx_word' id='word_1_123' title='bbox 597 1997 730 2058; x_wconf 93' lang='lat' dir='ltr'>nomine</span> <span class='ocrx_word' id='word_1_124' title='bbox 746 1999 910 2068; x_wconf 67' lang='lat' dir='ltr'>invocato</span> <span class='ocrx_word' id='word_1_125' title='bbox 926 2016 986 2076; x_wconf 91' lang='lat' dir='ltr'>pro</span> <span class='ocrx_word' id='word_1_126' title='bbox 1003 1997 1088 2056; x_wconf 89' lang='lat' dir='ltr'>bono</span> <span class='ocrx_word' id='word_1_127' title='bbox 1111 1999 1197 2076; x_wconf 83' lang='lat' dir='ltr'>pacis</span> <span class='ocrx_word' id='word_1_128' title='bbox 1211 2008 1242 2055; x_wconf 88' lang='lat' dir='ltr'>et</span> <span class='ocrx_word' id='word_1_129' title='bbox 1260 2013 1334 2056; x_wconf 92' lang='lat' dir='ltr'>con·</span> 
     </span>
     <span class='ocr_line' id='line_1_14' title="bbox 101 2111 1333 2195; baseline -0.001 -23"><span class='ocrx_word' id='word_1_130' title='bbox 101 2113 210 2174; x_wconf 89' lang='lat' dir='ltr'>cordie</span> <span class='ocrx_word' id='word_1_131' title='bbox 234 2111 311 2174; x_wconf 82' lang='lat' dir='ltr'>hinc</span> <span class='ocrx_word' id='word_1_132' title='bbox 334 2113 409 2174; x_wconf 89' lang='lat' dir='ltr'>inde</span> <span class='ocrx_word' id='word_1_133' title='bbox 433 2128 591 2195; x_wconf 89' lang='lat' dir='ltr'>perpetuo</span> <span class='ocrx_word' id='word_1_134' title='bbox 614 2113 852 2174; x_wconf 83' lang='lat' dir='ltr'>inviolabiliter</span> <span class='ocrx_word' id='word_1_135' title='bbox 867 2112 1099 2182; x_wconf 84' lang='lat' dir='ltr'>conservande,</span> <span class='ocrx_word' id='word_1_136' title='bbox 1117 2113 1333 2180; x_wconf 86' lang='lat' dir='ltr'>arbitramur,</span> 
     </span>
     <span class='ocr_line' id='line_1_15' title="bbox 102 2226 1230 2307; baseline 0.001 -21"><span class='ocrx_word' id='word_1_137' title='bbox 102 2226 372 2306; x_wconf 64' lang='lat' dir='ltr'>pronunciamus</span> <span class='ocrx_word' id='word_1_138' title='bbox 396 2227 570 2288; x_wconf 87' lang='lat' dir='ltr'>laudamus</span> <span class='ocrx_word' id='word_1_139' title='bbox 592 2240 622 2288; x_wconf 88' lang='lat' dir='ltr'>et</span> <span class='ocrx_word' id='word_1_140' title='bbox 645 2226 828 2287; x_wconf 86' lang='lat' dir='ltr'>diffinimus</span> <span class='ocrx_word' id='word_1_141' title='bbox 851 2227 884 2287; x_wconf 92' lang='lat' dir='ltr'>in</span> <span class='ocrx_word' id='word_1_142' title='bbox 907 2226 987 2288; x_wconf 91' lang='lat' dir='ltr'>serie</span> <span class='ocrx_word' id='word_1_143' title='bbox 1010 2226 1230 2307; x_wconf 87' lang='lat' dir='ltr'>infrascripta.</span> 
     </span>
    </p>
   </div>
   <div class='ocr_carea' id='block_1_5' title="bbox 223 2451 812 2528">
    <p class='ocr_par' dir='ltr' id='par_1_5' title="bbox 223 2451 812 2528">
     <span class='ocr_line' id='line_1_16' title="bbox 223 2451 812 2528; baseline 0.002 -18"><span class='ocrx_word' id='word_1_144' title='bbox 223 2451 265 2528; x_wconf 74' lang='lat' dir='ltr'>[l]</span> <span class='ocrx_word' id='word_1_145' title='bbox 289 2451 331 2522; x_wconf 71' lang='lat' dir='ltr'>Qr</span> <span class='ocrx_word' id='word_1_146' title='bbox 346 2471 387 2510; x_wconf 88' lang='lat' dir='ltr'>on</span> <span class='ocrx_word' id='word_1_147' title='bbox 410 2472 470 2510; x_wconf 73' lang='lat' dir='ltr'>rix</span> <span class='ocrx_word' id='word_1_148' title='bbox 493 2473 539 2510; x_wconf 89' lang='lat' dir='ltr'>srr</span> <span class='ocrx_word' id='word_1_149' title='bbox 567 2471 731 2510; x_wconf 74' lang='lat' dir='ltr'>rannerus</span> <span class='ocrx_word' id='word_1_150' title='bbox 755 2451 812 2524; x_wconf 77' lang='lat' dir='ltr'><em>(b).</em></span> 
     </span>
    </p>
   </div>
   <div class='ocr_carea' id='block_1_6' title="bbox 102 2601 1336 3476">
    <p class='ocr_par' dir='ltr' id='par_1_6' title="bbox 102 2601 1336 3476">
     <span class='ocr_line' id='line_1_17' title="bbox 188 2601 1334 2684; baseline 0.001 -23"><span class='ocrx_word' id='word_1_151' title='bbox 188 2602 222 2661; x_wconf 90' lang='lat' dir='ltr'>ln</span> <span class='ocrx_word' id='word_1_152' title='bbox 247 2603 363 2683; x_wconf 88' lang='lat' dir='ltr'>primis</span> <span class='ocrx_word' id='word_1_153' title='bbox 386 2602 474 2683; x_wconf 91' lang='lat' dir='ltr'>quod</span> <span class='ocrx_word' id='word_1_154' title='bbox 499 2623 560 2683; x_wconf 85' lang='lat' dir='ltr'>pax</span> <span class='ocrx_word' id='word_1_155' title='bbox 585 2615 741 2684; x_wconf 87' lang='lat' dir='ltr'>perpetua</span> <span class='ocrx_word' id='word_1_156' title='bbox 772 2617 803 2664; x_wconf 89' lang='lat' dir='ltr'>et</span> <span class='ocrx_word' id='word_1_157' title='bbox 832 2603 991 2683; x_wconf 76' lang='lat' dir='ltr'>garreraiis</span> <span class='ocrx_word' id='word_1_158' title='bbox 1012 2602 1053 2664; x_wconf 88' lang='lat' dir='ltr'>sit</span> <span class='ocrx_word' id='word_1_159' title='bbox 1076 2617 1107 2664; x_wconf 90' lang='lat' dir='ltr'>et</span> <span class='ocrx_word' id='word_1_160' title='bbox 1130 2622 1193 2663; x_wconf 91' lang='lat' dir='ltr'>esse</span> <span class='ocrx_word' id='word_1_161' title='bbox 1216 2601 1334 2663; x_wconf 88' lang='lat' dir='ltr'>debeat</span> 
     </span>
     <span class='ocr_line' id='line_1_18' title="bbox 104 2718 1334 2800; baseline 0.002 -23"><span class='ocrx_word' id='word_1_162' title='bbox 104 2719 190 2780; x_wconf 86' lang='lat' dir='ltr'>inter</span> <span class='ocrx_word' id='word_1_163' title='bbox 213 2718 386 2780; x_wconf 88' lang='lat' dir='ltr'>dominum</span> <span class='ocrx_word' id='word_1_164' title='bbox 423 2718 651 2781; x_wconf 83' lang='lat' dir='ltr'>Marehionem</span> <span class='ocrx_word' id='word_1_165' title='bbox 685 2720 869 2800; x_wconf 87' lang='lat' dir='ltr'>predictum</span> <span class='ocrx_word' id='word_1_166' title='bbox 892 2734 923 2780; x_wconf 91' lang='lat' dir='ltr'>et</span> <span class='ocrx_word' id='word_1_167' title='bbox 947 2720 1017 2779; x_wconf 90' lang='lat' dir='ltr'>illos</span> <span class='ocrx_word' id='word_1_168' title='bbox 1043 2719 1081 2779; x_wconf 88' lang='lat' dir='ltr'>de</span> <span class='ocrx_word' id='word_1_169' title='bbox 1103 2719 1199 2779; x_wconf 90' lang='lat' dir='ltr'>domo</span> <span class='ocrx_word' id='word_1_170' title='bbox 1220 2738 1278 2778; x_wconf 92' lang='lat' dir='ltr'>sua</span> <span class='ocrx_word' id='word_1_171' title='bbox 1302 2733 1334 2779; x_wconf 90' lang='lat' dir='ltr'>et</span> 
     </span>
     <span class='ocr_line' id='line_1_19' title="bbox 103 2831 1333 2896; baseline 0 -2"><span class='ocrx_word' id='word_1_172' title='bbox 103 2835 275 2896; x_wconf 89' lang='lat' dir='ltr'>dominum</span> <span class='ocrx_word' id='word_1_173' title='bbox 310 2835 542 2896; x_wconf 77' lang='lat' dir='ltr'>Pinanrontem</span> <span class='ocrx_word' id='word_1_174' title='bbox 567 2850 597 2896; x_wconf 87' lang='lat' dir='ltr'>et</span> <span class='ocrx_word' id='word_1_175' title='bbox 623 2836 694 2896; x_wconf 84' lang='lat' dir='ltr'>illos</span> <span class='ocrx_word' id='word_1_176' title='bbox 716 2836 754 2896; x_wconf 89' lang='lat' dir='ltr'>de</span> <span class='ocrx_word' id='word_1_177' title='bbox 778 2835 875 2896; x_wconf 91' lang='lat' dir='ltr'>domo</span> <span class='ocrx_word' id='word_1_178' title='bbox 904 2855 961 2894; x_wconf 89' lang='lat' dir='ltr'>sua</span> <span class='ocrx_word' id='word_1_179' title='bbox 992 2847 1022 2894; x_wconf 89' lang='lat' dir='ltr'>et</span> <span class='ocrx_word' id='word_1_180' title='bbox 1047 2834 1132 2894; x_wconf 89' lang='lat' dir='ltr'>inter</span> <span class='ocrx_word' id='word_1_181' title='bbox 1166 2831 1333 2895; x_wconf 85' lang='lat' dir='ltr'>Comunia</span> 
     </span>
     <span class='ocr_line' id='line_1_20' title="bbox 106 2951 1332 3032; baseline 0.002 -22"><span class='ocrx_word' id='word_1_182' title='bbox 106 2952 245 3021; x_wconf 81' lang='lat' dir='ltr'>Fer-arie,</span> <span class='ocrx_word' id='word_1_183' title='bbox 277 2952 404 3012; x_wconf 83' lang='lat' dir='ltr'>Mutine</span> <span class='ocrx_word' id='word_1_184' title='bbox 432 2968 462 3013; x_wconf 87' lang='lat' dir='ltr'>et</span> <span class='ocrx_word' id='word_1_185' title='bbox 495 2953 585 3032; x_wconf 74' lang='lat' dir='ltr'>negij</span> <span class='ocrx_word' id='word_1_186' title='bbox 610 2968 641 3014; x_wconf 92' lang='lat' dir='ltr'>et</span> <span class='ocrx_word' id='word_1_187' title='bbox 664 2954 775 3013; x_wconf 85' lang='lat' dir='ltr'>omnia</span> <span class='ocrx_word' id='word_1_188' title='bbox 800 2953 863 3012; x_wconf 85' lang='lat' dir='ltr'>alia</span> <span class='ocrx_word' id='word_1_189' title='bbox 887 2953 955 3012; x_wconf 81' lang='lat' dir='ltr'>loca</span> <span class='ocrx_word' id='word_1_190' title='bbox 986 2967 1017 3012; x_wconf 92' lang='lat' dir='ltr'>et</span> <span class='ocrx_word' id='word_1_191' title='bbox 1050 2965 1154 3012; x_wconf 87' lang='lat' dir='ltr'>castra</span> <span class='ocrx_word' id='word_1_192' title='bbox 1186 2951 1332 3012; x_wconf 82' lang='lat' dir='ltr'>subiecta</span> 
     </span>
     <span class='ocr_line' id='line_1_21' title="bbox 102 3068 1333 3142; baseline 0.002 -16"><span class='ocrx_word' id='word_1_193' title='bbox 102 3068 190 3128; x_wconf 86' lang='lat' dir='ltr'>dicto</span> <span class='ocrx_word' id='word_1_194' title='bbox 214 3068 349 3128; x_wconf 85' lang='lat' dir='ltr'>domino</span> <span class='ocrx_word' id='word_1_195' title='bbox 373 3069 568 3139; x_wconf 82' lang='lat' dir='ltr'>Marchioni,</span> <span class='ocrx_word' id='word_1_196' title='bbox 591 3083 622 3130; x_wconf 92' lang='lat' dir='ltr'>et</span> <span class='ocrx_word' id='word_1_197' title='bbox 646 3070 731 3131; x_wconf 91' lang='lat' dir='ltr'>inter</span> <span class='ocrx_word' id='word_1_198' title='bbox 761 3069 912 3128; x_wconf 80' lang='lat' dir='ltr'>Cornune</span> <span class='ocrx_word' id='word_1_199' title='bbox 940 3069 1076 3129; x_wconf 84' lang='lat' dir='ltr'>Mantue</span> <span class='ocrx_word' id='word_1_200' title='bbox 1097 3075 1142 3142; x_wconf 88' lang='lat' dir='ltr'>(c)</span> <span class='ocrx_word' id='word_1_201' title='bbox 1165 3083 1195 3128; x_wconf 90' lang='lat' dir='ltr'>et</span> <span class='ocrx_word' id='word_1_202' title='bbox 1218 3069 1333 3128; x_wconf 90' lang='lat' dir='ltr'>omnia</span> 
     </span>
     <span class='ocr_line' id='line_1_22' title="bbox 105 3184 1336 3264; baseline 0.001 -21"><span class='ocrx_word' id='word_1_203' title='bbox 105 3186 173 3244; x_wconf 85' lang='lat' dir='ltr'>ioca</span> <span class='ocrx_word' id='word_1_204' title='bbox 196 3198 226 3243; x_wconf 89' lang='lat' dir='ltr'>et</span> <span class='ocrx_word' id='word_1_205' title='bbox 249 3198 351 3244; x_wconf 81' lang='lat' dir='ltr'>castra</span> <span class='ocrx_word' id='word_1_206' title='bbox 376 3186 520 3246; x_wconf 82' lang='lat' dir='ltr'>subiecta</span> <span class='ocrx_word' id='word_1_207' title='bbox 544 3186 630 3246; x_wconf 92' lang='lat' dir='ltr'>dicto</span> <span class='ocrx_word' id='word_1_208' title='bbox 653 3186 790 3246; x_wconf 87' lang='lat' dir='ltr'>domino</span> <span class='ocrx_word' id='word_1_209' title='bbox 818 3185 1020 3255; x_wconf 78' lang='lat' dir='ltr'>Pinanionti‚</span> <span class='ocrx_word' id='word_1_210' title='bbox 1045 3186 1094 3244; x_wconf 74' lang='lat' dir='ltr'>vel</span> <span class='ocrx_word' id='word_1_211' title='bbox 1119 3184 1173 3264; x_wconf 78' lang='lat' dir='ltr'>alij</span> <span class='ocrx_word' id='word_1_212' title='bbox 1198 3185 1236 3245; x_wconf 87' lang='lat' dir='ltr'>de</span> <span class='ocrx_word' id='word_1_213' title='bbox 1259 3184 1336 3244; x_wconf 88' lang='lat' dir='ltr'>civi·</span> 
     </span>
     <span class='ocr_line' id='line_1_23' title="bbox 105 3299 1334 3382; baseline -0.002 -21"><span class='ocrx_word' id='word_1_214' title='bbox 105 3314 171 3361; x_wconf 84' lang='lat' dir='ltr'>tate</span> <span class='ocrx_word' id='word_1_215' title='bbox 193 3300 241 3360; x_wconf 75' lang='lat' dir='ltr'>vel</span> <span class='ocrx_word' id='word_1_216' title='bbox 264 3301 453 3381; x_wconf 81' lang='lat' dir='ltr'>episcopatu</span> <span class='ocrx_word' id='word_1_217' title='bbox 488 3303 637 3372; x_wconf 60' lang='lat' dir='ltr'>Mantua</span> <span class='ocrx_word' id='word_1_218' title='bbox 671 3303 757 3363; x_wconf 86' lang='lat' dir='ltr'>inter</span> <span class='ocrx_word' id='word_1_219' title='bbox 781 3303 941 3382; x_wconf 84' lang='lat' dir='ltr'>predictas</span> <span class='ocrx_word' id='word_1_220' title='bbox 965 3315 1071 3380; x_wconf 84' lang='lat' dir='ltr'>partes</span> <span class='ocrx_word' id='word_1_221' title='bbox 1094 3299 1334 3360; x_wconf 72' lang='lat' dir='ltr'>inviolabiliter</span> 
     </span>
     <span class='ocr_line' id='line_1_24' title="bbox 103 3416 317 3476; baseline 0.005 -2"><span class='ocrx_word' id='word_1_222' title='bbox 103 3416 317 3476; x_wconf 70' lang='lat' dir='ltr'>(insectanda.</span> 
     </span>
    </p>
   </div>
   <div class='ocr_carea' id='block_1_7' title="bbox 224 3641 1155 3717">
    <p class='ocr_par' dir='ltr' id='par_1_7' title="bbox 224 3641 1155 3717">
     <span class='ocr_line' id='line_1_25' title="bbox 224 3641 1155 3717; baseline 0 -17"><span class='ocrx_word' id='word_1_223' title='bbox 224 3641 283 3717; x_wconf 79' lang='lat' dir='ltr'>[ll]</span> <span class='ocrx_word' id='word_1_224' title='bbox 308 3641 405 3711; x_wconf 69' lang='lat' dir='ltr'>Quor»</span> <span class='ocrx_word' id='word_1_225' title='bbox 430 3660 498 3699; x_wconf 66' lang='lat' dir='ltr'>erar</span> <span class='ocrx_word' id='word_1_226' title='bbox 524 3662 666 3701; x_wconf 79' lang='lat' dir='ltr'>nnrnssro</span> <span class='ocrx_word' id='word_1_227' title='bbox 689 3663 865 3702; x_wconf 72' lang='lat' dir='ltr'>nansonrn</span> <span class='ocrx_word' id='word_1_228' title='bbox 890 3664 930 3701; x_wconf 79' lang='lat' dir='ltr'>nr</span> <span class='ocrx_word' id='word_1_229' title='bbox 954 3661 1155 3701; x_wconf 69' lang='lat' dir='ltr'>rsn&#39;nrnntn.</span> 
     </span>
    </p>
   </div>
   <div class='ocr_carea' id='block_1_8' title="bbox 105 3792 1339 4088">
    <p class='ocr_par' dir='ltr' id='par_1_8' title="bbox 105 3792 1339 4088">
     <span class='ocr_line' id='line_1_26' title="bbox 187 3792 1337 3873; baseline 0.001 -23"><span class='ocrx_word' id='word_1_230' title='bbox 187 3792 267 3852; x_wconf 85' lang='lat' dir='ltr'>item</span> <span class='ocrx_word' id='word_1_231' title='bbox 291 3793 377 3873; x_wconf 85' lang='lat' dir='ltr'>qnod</span> <span class='ocrx_word' id='word_1_232' title='bbox 395 3793 432 3852; x_wconf 85' lang='lat' dir='ltr'>de</span> <span class='ocrx_word' id='word_1_233' title='bbox 449 3795 602 3852; x_wconf 82' lang='lat' dir='ltr'>omnibus</span> <span class='ocrx_word' id='word_1_234' title='bbox 619 3795 758 3862; x_wconf 81' lang='lat' dir='ltr'>iniuriis,</span> <span class='ocrx_word' id='word_1_235' title='bbox 781 3794 919 3863; x_wconf 84' lang='lat' dir='ltr'>damnis,</span> <span class='ocrx_word' id='word_1_236' title='bbox 942 3793 1219 3862; x_wconf 84' lang='lat' dir='ltr'>contentionibus,</span> <span class='ocrx_word' id='word_1_237' title='bbox 1240 3812 1337 3872; x_wconf 77' lang='lat' dir='ltr'>gerer-</span> 
     </span>
     <span class='ocr_line' id='line_1_27' title="bbox 106 3907 1336 3988; baseline 0.002 -23"><span class='ocrx_word' id='word_1_238' title='bbox 106 3907 148 3965; x_wconf 79' lang='lat' dir='ltr'>ris</span> <span class='ocrx_word' id='word_1_239' title='bbox 171 3922 199 3967; x_wconf 86' lang='lat' dir='ltr'>et</span> <span class='ocrx_word' id='word_1_240' title='bbox 224 3908 401 3976; x_wconf 80' lang='lat' dir='ltr'>discordiis,</span> <span class='ocrx_word' id='word_1_241' title='bbox 425 3929 486 3987; x_wconf 82' lang='lat' dir='ltr'>que</span> <span class='ocrx_word' id='word_1_242' title='bbox 508 3925 585 3969; x_wconf 84' lang='lat' dir='ltr'>sunt</span> <span class='ocrx_word' id='word_1_243' title='bbox 610 3911 658 3970; x_wconf 76' lang='lat' dir='ltr'>rel</span> <span class='ocrx_word' id='word_1_244' title='bbox 684 3911 841 3970; x_wconf 81' lang='lat' dir='ltr'>hactenus</span> <span class='ocrx_word' id='word_1_245' title='bbox 874 3911 1008 3970; x_wconf 78' lang='lat' dir='ltr'>inerunt</span> <span class='ocrx_word' id='word_1_246' title='bbox 1041 3911 1126 3970; x_wconf 86' lang='lat' dir='ltr'>inter</span> <span class='ocrx_word' id='word_1_247' title='bbox 1150 3909 1336 3988; x_wconf 83' lang='lat' dir='ltr'>predictum</span> 
     </span>
     <span class='ocr_line' id='line_1_28' title="bbox 105 4024 1339 4088; baseline 0.004 -7"><span class='ocrx_word' id='word_1_248' title='bbox 105 4024 276 4085; x_wconf 69' lang='lat' dir='ltr'>dominun]</span> <span class='ocrx_word' id='word_1_249' title='bbox 314 4027 539 4086; x_wconf 61' lang='lat' dir='ltr'>,taurinorum</span> <span class='ocrx_word' id='word_1_250' title='bbox 567 4040 596 4087; x_wconf 89' lang='lat' dir='ltr'>et</span> <span class='ocrx_word' id='word_1_251' title='bbox 623 4027 693 4086; x_wconf 87' lang='lat' dir='ltr'>illos</span> <span class='ocrx_word' id='word_1_252' title='bbox 715 4029 752 4087; x_wconf 83' lang='lat' dir='ltr'>de</span> <span class='ocrx_word' id='word_1_253' title='bbox 775 4029 873 4088; x_wconf 70' lang='lat' dir='ltr'>donno</span> <span class='ocrx_word' id='word_1_254' title='bbox 896 4049 951 4086; x_wconf 82' lang='lat' dir='ltr'>sun</span> <span class='ocrx_word' id='word_1_255' title='bbox 976 4044 1005 4087; x_wconf 88' lang='lat' dir='ltr'>et</span> <span class='ocrx_word' id='word_1_256' title='bbox 1031 4028 1203 4087; x_wconf 83' lang='lat' dir='ltr'>dominum</span> <span class='ocrx_word' id='word_1_257' title='bbox 1239 4025 1339 4086; x_wconf 79' lang='lat' dir='ltr'>Pina-</span> 
     </span>
    </p>
   </div>
   <div class='ocr_carea' id='block_1_9' title="bbox 106 4143 1338 4213">
    <p class='ocr_par' dir='ltr' id='par_1_9' title="bbox 106 4143 1338 4213">
     <span class='ocr_line' id='line_1_29' title="bbox 106 4143 1338 4213; baseline 0.006 -15"><span class='ocrx_word' id='word_1_258' title='bbox 106 4156 250 4201; x_wconf 83' lang='lat' dir='ltr'>rnontenr</span> <span class='ocrx_word' id='word_1_259' title='bbox 275 4157 305 4201; x_wconf 82' lang='lat' dir='ltr'>ct</span> <span class='ocrx_word' id='word_1_260' title='bbox 329 4143 400 4201; x_wconf 85' lang='lat' dir='ltr'>iilos</span> <span class='ocrx_word' id='word_1_261' title='bbox 423 4144 460 4202; x_wconf 87' lang='lat' dir='ltr'>de</span> <span class='ocrx_word' id='word_1_262' title='bbox 484 4143 581 4202; x_wconf 83' lang='lat' dir='ltr'>domo</span> <span class='ocrx_word' id='word_1_263' title='bbox 604 4165 659 4203; x_wconf 81' lang='lat' dir='ltr'>sna</span> <span class='ocrx_word' id='word_1_264' title='bbox 685 4161 714 4204; x_wconf 84' lang='lat' dir='ltr'>et</span> <span class='ocrx_word' id='word_1_265' title='bbox 741 4146 825 4205; x_wconf 88' lang='lat' dir='ltr'>inter</span> <span class='ocrx_word' id='word_1_266' title='bbox 850 4145 1014 4205; x_wconf 73' lang='lat' dir='ltr'>Conuiuia</span> <span class='ocrx_word' id='word_1_267' title='bbox 1041 4145 1181 4213; x_wconf 82' lang='lat' dir='ltr'>Ferarie,</span> <span class='ocrx_word' id='word_1_268' title='bbox 1205 4143 1338 4205; x_wconf 86' lang='lat' dir='ltr'>Mutine</span> 
     </span>
    </p>
   </div>
   <div class='ocr_carea' id='block_1_10' title="bbox 105 4257 1339 4304">
    <p class='ocr_par' dir='ltr' id='par_1_10' title="bbox 105 4257 1339 4304">
     <span class='ocr_line' id='line_1_30' title="bbox 105 4257 1339 4304; baseline 0 0"><span class='ocrx_word' id='word_1_269' title='bbox 105 4278 120 4304; x_wconf 70' lang='lat' dir='ltr'>a·</span> <span class='ocrx_word' id='word_1_270' title='bbox 146 4257 236 4304; x_wconf 64' lang='lat' dir='ltr'>litorii</span> <span class='ocrx_word' id='word_1_271' title='bbox 261 4273 291 4304; x_wconf 66' lang='lat' dir='ltr'>er</span> <span class='ocrx_word' id='word_1_272' title='bbox 315 4259 423 4304; x_wconf 59' lang='lat' dir='ltr'>firmarier</span> <span class='ocrx_word' id='word_1_273' title='bbox 452 4259 511 4304; x_wconf 61' lang='lat' dir='ltr'>ftlr&#39;n</span> <span class='ocrx_word' id='word_1_274' title='bbox 539 4261 605 4304; x_wconf 63' lang='lat' dir='ltr'>istun</span> <span class='ocrx_word' id='word_1_275' title='bbox 631 4274 661 4304; x_wconf 72' lang='lat' dir='ltr'>nt</span> <span class='ocrx_word' id='word_1_276' title='bbox 685 4276 788 4304; x_wconf 59' lang='lat' dir='ltr'>vactro</span> <span class='ocrx_word' id='word_1_277' title='bbox 814 4263 955 4304; x_wconf 61' lang='lat' dir='ltr'>crrisr&#39;ussro</span> <span class='ocrx_word' id='word_1_278' title='bbox 983 4263 1070 4304; x_wconf 58' lang='lat' dir='ltr'>dicta</span> <span class='ocrx_word' id='word_1_279' title='bbox 1093 4261 1228 4304; x_wconf 69' lang='lat' dir='ltr'>rinnnr&#39;nn</span> <span class='ocrx_word' id='word_1_280' title='bbox 1253 4259 1339 4304; x_wconf 65' lang='lat' dir='ltr'>Mirr.</span> 
     </span>
    </p>
   </div>
   <div class='ocr_carea' id='block_1_11' title="bbox 0 0 1436 4776">
    <p class='ocr_par' dir='ltr' id='par_1_11' title="bbox 0 0 1436 4776">
     <span class='ocr_line' id='line_1_31' title="bbox 0 0 1436 4776; baseline 0 0"><span class='ocrx_word' id='word_1_281' title='bbox 0 0 1436 4776; x_wconf 95' lang='lat' dir='ltr'> </span> 
     </span>
    </p>
   </div>
  </div>
 </body>
</html>
