2850 4776
382 474 553 516 RELAZlONl
576 475 636 515 Fun
659 472 787 515 VERONA
810 474 829 514 Ε
852 472 1003 514 tlau'rovn

480 845 600 921 1291,
623 846 752 926 maggio
774 867 792 927 9
800 867 809 922 ;
832 845 975 916 Verona,
997 845 1081 907 nella
1106 864 1176 905 casa

613 963 646 1023 di
669 964 808 1025 Alberto
829 962 914 1024 della
938 962 1042 1024 Scala.

164 1168 287 1235 Albertu
311 1169 391 1235 dello
416 1169 516 1250 Scala,
535 1182 662 1257 pregatu
678 1171 718 1235 da
740 1169 856 1256 Tugiuo
880 1168 1110 1236 de'Buuaccolsi
1132 1167 1308 1234 arrrbusria-

78 1304 138 1356 lure
162 1291 195 1356 di
215 1292 392 1357 Pinumuuta
415 1292 649 1373 du'Buuuccolsi,
673 1295 811 1381 capitano
835 1293 868 1358 di
891 1293 1052 1372 Munlovu,
1076 1290 1200 1380 affiuchl
1222 1293 1308 1355 scio-

74 1416 180 1502 gliesse
203 1417 234 1482 lu
250 1420 366 1484 riseruu
378 1417 559 1506 flumizello
574 1431 711 1504 suntuna
727 1419 850 1484 odierna
872 1418 976 1484 dolui
994 1419 1195 1506 pronunciata
1218 1415 1308 1504 patule

75 1539 189 1606 arbitro
199 1541 256 1628 fro
281 1541 396 1629 Obiqqu
419 1542 528 1608 tl'Esle
551 1565 565 1607 e
588 1542 613 1607 il
636 1543 713 1609 detto
738 1544 914 1609 Pinamoute
938 1543 1121 1623 Bortucculsi,
1146 1544 1310 1633 riflettente

76 1668 88 1729 i
106 1667 290 1733 Manto-uani
305 1670 467 1749 eslrinsuci,
484 1667 619 1735 dichiurb
636 1668 685 1734 clue
700 1666 859 1734 null'altru
870 1669 958 1756 sard,
979 1672 1010 1734 iu
1021 1668 1131 1756 fauore
1146 1667 1179 1733 di
1197 1669 1306 1756 quaesti,

75 1813 93 1855 a
119 1805 199 1879 lautu
224 1817 280 1859 riou
304 1795 504 1860 estoniuuiosi
527 1795 551 1859 il
574 1817 626 1860 suo
650 1794 756 1860 diritto
780 1794 934 1860 arbitrtu.

158 2003 194 2064 ln
212 2005 345 2064 nomine
361 2001 497 2064 Christi.
574 2002 634 2064 Die
649 2004 802 2084 mercurij
820 2025 909 2066 nono
927 2004 1017 2085 maij.
1094 2006 1309 2069 presentibus

77 2121 220 2182 dominis
240 2120 429 2192 Bonacolsa‚
450 2119 604 2191 Berard0,
625 2120 794 2182 Bertolino
840 2169 917 2183 ....
941 2121 1078 2184 testibus
1099 2126 1233 2196 vocatis,
1249 2124 1308 2186 Ve-

72 2257 166 2308 -rone,
198 2237 231 2297 in
265 2235 363 2297 domo
396 2236 614 2298 habitationis
645 2237 772 2298 domini
797 2239 926 2300 Alberti
960 2239 998 2299 de
1020 2240 1051 2300 la
1074 2239 1166 2302 Scala
1201 2240 1308 2303 inira·

75 2351 198 2433 scripti.
263 2361 274 2375 ⁴
302 2350 378 2411 Post
401 2351 671 2432 compromissum
697 2351 819 2413 lactum
845 2352 877 2413 in
901 2354 1075 2415 dominum
1108 2355 1304 2433 [Albertum

41 2548 42 2551 Ἴ
76 2468 156 2528 dela
171 2467 278 2546 Scala]
298 2467 423 2528 Verona
439 2468 649 2547 capitaneum
665 2469 847 2548 generalem
863 2470 993 2546 arbitrii
1008 2476 1058 2546 (a)
1069 2486 1100 2533 et
1114 2471 1308 2534 arbitratio·

78 2587 127 2644 nis
149 2583 235 2644 inter
258 2583 420 2645 illustrem
443 2582 616 2644 dominum
640 2582 821 2659 Obitonem
846 2585 1012 2646 Estensem
1042 2601 1072 2648 et
1096 2587 1307 2650 Anchonita-

77 2717 148 2762 tum
172 2700 422 2780 [marchionem
445 2715 476 2760 et
498 2700 670 2760 dominum
696 2700 837 2775 Feraria,
861 2720 920 2781 pro
934 2704 979 2782 se]
1001 2717 1032 2764 et
1053 2703 1118 2763 suis
1140 2704 1309 2775 subiectis,

76 2818 268 2900 sequacibus
296 2831 326 2878 et
348 2817 585 2879 adherentibus
610 2837 648 2878 ex
674 2836 739 2877 una
764 2831 867 2898 parte,
890 2837 945 2898 per
977 2819 1128 2880 dominos
1150 2818 1309 2882 Bomma·

78 2936 207 2997 theumi
224 2935 351 2997 udicem
374 2949 405 2995 et
429 2934 572 2996 Paulum
595 2934 633 2996 de
649 2933 787 3014 [Cuspis
804 2937 1046 3016 procuratores]
1068 2935 1197 2997 domini
1221 2938 1311 2999 Mar-

78 3052 204 3113 ehionis
226 3072 261 3111 ae
283 3051 423 3112 sindicos
456 3051 616 3113 Comunis
639 3051 781 3121 Ferarie,
813 3067 844 3112 et
867 3052 1040 3114 dominum
1070 3052 1308 3114 Pinamontem

78 3171 116 3238 de
131 3169 318 3229 Bonacolsis
333 3168 543 3250 capitaneum
558 3169 707 3240 Mantus,
723 3189 781 3248 pro
797 3189 832 3228 ea
855 3183 886 3230 et
910 3169 989 3248 [suis
1006 3169 1170 3242 subiectis,
1192 3189 1311 3251 sequa·

78 3287 168 3346 cibus
190 3300 221 3345 et
245 3284 504 3363 adherentibus]
520 3306 557 3345 ex
578 3286 691 3355 altera,
715 3305 769 3364 per
793 3286 964 3347 dominum
989 3286 1128 3347 Sadeum
1153 3286 1192 3346 de
1216 3286 1311 3368 Pigo·

76 3403 195 3484 gnagia
219 3402 265 3475 (b)
289 3402 439 3472 iudicem,
465 3417 722 3481 procuratorem,
745 3418 889 3464 actorem
913 3416 943 3463 et
965 3403 1127 3464 sindicum
1151 3403 1232 3464 dicti
1255 3404 1311 3466 do·

80 3518 160 3580 mini
178 3517 386 3578 Pinamontis
409 3532 439 3578 et
462 3517 637 3596 [Comunis
654 3518 801 3590 Mantue‚
818 3521 863 3597 et]
886 3532 957 3600 post
979 3519 1176 3580 sententiam
1201 3520 1308 3581 latam

78 3654 133 3716 per
156 3633 296 3693 eundem
321 3633 485 3693 arbitrum
519 3647 550 3693 et
573 3633 808 3694 arbitratorem
832 3636 865 3694 in
890 3633 1030 3694 sormam
1054 3648 1085 3694 et
1108 3634 1224 3695 seriem
1247 3654 1311 3715 pu-

80 3751 159 3811 blice
174 3750 329 3830 scriptam
348 3769 402 3829 per
422 3735 600 3809 loban'neni
614 3750 822 3827 [Bouandree
833 3751 1016 3829 no]tarium
1031 3764 1062 3811 et
1076 3770 1131 3830 per
1147 3771 1200 3812 me
1217 3766 1313 3813 nota·

78 3868 164 3927 rium
182 3867 215 3926 in
239 3866 350 3927 eodem
377 3882 498 3936 tenore,
523 3881 557 3927 ut
583 3880 672 3946 patet
697 3866 835 3947 publicis
853 3867 1093 3940 instrumentis,
1117 3867 1310 3948 requirente

78 3983 213 4043 domino
246 3983 377 4062 Tagino
399 3982 437 4043 de
461 3983 677 4061 [ssonalcolsis
700 3982 824 4043 vicario
846 3997 878 4043 et
901 3983 1115 4044 ambaxatore
1148 3982 1229 4045 dicti
1253 3984 1313 4045 do·

78 4097 161 4158 naim
185 4098 393 4158 Pinamontis
416 4099 590 4178 Capitanei
616 4099 764 4169 lllantue,
788 4097 856 4158 vice
878 4113 908 4159 et
933 4099 1066 4159 nomine
1089 4098 1189 4179 ipsius
1213 4096 1314 4180 Capi·

80 4214 167 4274 tanei
190 4228 220 4274 et
239 4213 411 4274 potestatis
434 4228 464 4275 ct
489 4213 676 4293 Co[munisl
702 4215 849 4286 blomne,
872 4215 978 4296 ipsum
996 4216 1170 4276 dominum
1194 4215 1314 4276 Alber·

80 4346 150 4391 tum
175 4330 338 4390 arbitrum
362 4346 392 4392 et
416 4332 660 4401 arbitratorem,
684 4345 721 4392 ut
744 4351 839 4412 super
857 4331 944 4392 lacto
969 4331 1233 4393 Mantuanorum
1257 4352 1316 4394 ex-

80 4445 307 4514 trinsecorum,
323 4446 409 4525 quod
428 4447 460 4506 in
481 4448 565 4507 dicta
580 4446 740 4506 sententia
765 4448 862 4526 l[atal
886 4447 981 4507 hodie
1005 4446 1191 4517 reservavit,
1209 4445 1313 4510 linem
