2850 4776
108 423 160 483 188
403 446 571 487 nnmzrosr
595 447 655 487 rna
679 447 807 488 arr-:noua
831 448 850 487 r:
873 447 1026 488 uanrova

102 670 250 717 testatem
265 656 299 716 in
311 657 466 718 omnibus
476 671 508 718 et
520 657 658 737 singulis
673 657 827 737 predictis
843 658 930 728 locis,
943 658 1049 729 terris,
1068 658 1331 739 possessionibus,

100 774 303 844 casamentis
332 773 471 846 iuribus,
501 774 641 846 vasallis,
674 774 957 836 iurisdictionibus
979 789 1010 836 et
1034 775 1217 837 honoribus
1243 795 1330 836 exer-

101 888 219 961 cendis,
243 889 381 951 faciendi
404 904 436 951 et
458 891 628 951 exercendi
644 909 742 971 quem
759 890 799 951 ad
816 891 951 966 modum
975 891 1082 952 dictus
1103 890 1259 951 dominus
1273 891 1331 951 ab·

102 1009 157 1066 bas
168 1020 198 1067 et
211 1018 393 1067 conventus
404 1005 482 1067 dicti
497 1006 687 1068 monasterii
711 1006 813 1068 lacere
825 1021 856 1068 et
869 1025 1016 1068 exercere
1039 1002 1178 1087 possent.
1243 1006 1329 1067 Dan·

100 1123 269 1183 tesceiam
302 1123 404 1183 eidem
439 1124 596 1202 magistro
629 1123 742 1194 Leoni,
765 1124 995 1204 procuratorio
1029 1124 1161 1185 nomine
1185 1124 1323 1204 predicti

100 1236 225 1298 domini
250 1236 395 1307 Berardi‚
418 1256 478 1317 pro
500 1238 569 1316 ipso
595 1236 730 1298 domino
763 1236 907 1298 Berardo
934 1252 966 1298 et
994 1236 1167 1298 heredibus
1188 1237 1257 1298 eius
1279 1243 1329 1310 (α)

100 1352 268 1412 licenciam
285 1352 458 1423 vendendi,
470 1352 628 1424 donandi,
644 1351 821 1424 alienandi,
837 1372 896 1433 pro
912 1353 1024 1414 anima
1046 1352 1215 1414 iudicandi
1231 1372 1325 1413 suam

102 1468 260 1529 rationem
285 1467 337 1551 cui
361 1468 409 1528 vel
433 1468 553 1548 quibus
577 1468 755 1539 voluerint,
786 1469 927 1549 exceptis
950 1468 1060 1538 servis,
1084 1468 1256 1538 militibus,
1278 1486 1326 1528 ec·

99 1585 211 1654 clesiis,
233 1597 264 1644 et
286 1584 333 1657 (b)
367 1583 592 1665 hospitalibus,
614 1605 668 1646 seu
694 1586 770 1646 locis
793 1585 959 1666 religiosis,
981 1585 1092 1659 sed(e)
1126 1585 1183 1646 tali
1206 1585 1255 1644 vel
1279 1597 1324 1644 ta·

99 1698 185 1756 libus
209 1697 436 1776 personisque
460 1698 539 1757 bene
562 1696 737 1758 attendant
760 1696 886 1757 dictum
910 1695 1025 1757 lictum
1043 1696 1189 1776 predicto
1213 1713 1329 1755 mona-

98 1815 206 1882 sterio,
229 1813 424 1894 appellando
447 1814 554 1893 primo
576 1815 700 1874 dictum
727 1814 964 1875 monasterium
987 1814 1012 1874 si
1030 1814 1101 1873 iura
1117 1812 1261 1893 predicta
1280 1831 1329 1871 re-

100 1929 221 1989 dimere
239 1928 391 1998 voluerit,
406 1943 437 1989 et
453 1928 562 1988 dando
578 1928 681 1989 eidem
698 1929 897 1989 monasterio
913 1948 972 2009 pro
995 1928 1102 1988 decem
1120 1927 1211 1987 libris
1237 1944 1329 1986 vero-

101 2046 254 2106 nensibus
277 2064 455 2126 parvorum
475 2047 584 2105 minus
600 2064 699 2125 quant
718 2046 758 2105 ab
775 2045 847 2104 aliis
870 2044 988 2104 habere
1006 2056 1120 2124 posset.
1203 2040 1327 2101 Conce-

99 2162 210 2222 dentes
232 2161 318 2221 idem
340 2161 495 2221 domiuus
511 2161 610 2219 abbas
625 2173 656 2220 et
674 2160 840 2240 predictus
863 2160 1004 2219 domnus
1027 2159 1126 2219 Cloza
1149 2157 1199 2234 (d)
1222 2176 1281 2237 pro
1296 2176 1328 2216 se

99 2292 129 2338 et
153 2278 241 2338 dicto
259 2277 458 2338 monasterio
473 2278 696 2358 suprascripto
719 2278 878 2359 magistro
895 2277 1009 2347 Leoni,
1027 2292 1240 2356 procuratore
1256 2294 1329 2355 pre·

99 2395 177 2455 dicti
200 2394 327 2454 domini
353 2393 497 2463 herardi,
521 2394 690 2472 recipienti
715 2395 784 2454 vice
812 2408 843 2453 et
874 2395 1008 2454 nomine
1031 2393 1167 2473 predicti
1198 2392 1327 2452 domini

112 2511 235 2572 J‚erardi
255 2525 286 2570 et
309 2511 378 2571 eius
401 2510 556 2570 heredum
579 2526 609 2571 et
633 2530 851 2570 successorum
877 2511 1006 2589 plenam
1024 2511 1160 2570 liberam
1184 2525 1215 2569 et
1237 2528 1328 2588 gene·

100 2628 198 2687 ralem
224 2641 416 2707 potestatem
451 2626 600 2686 intrandi
635 2640 784 2686 tenutam
808 2642 839 2686 et
863 2629 1065 2707 corporalem
1096 2627 1326 2707 possessionem

99 2745 147 2803 rel
171 2745 262 2822 quasi
285 2743 434 2803 omnium
461 2743 684 2821 predictorum
707 2743 984 2822 quandocumque
1008 2745 1162 2814 voluerit,
1180 2762 1236 2801 sua
1255 2761 1328 2802 auc·

98 2862 233 2921 toritate
256 2862 492 2920 constituentes
514 2880 544 2918 se
568 2873 598 2918 et
623 2859 859 2919 monasterium
885 2861 1067 2939 predictum
1098 2880 1156 2940 pro
1180 2858 1328 2938 predicto

97 2978 233 3037 dornino
257 2975 400 3035 Berardo
425 2976 581 3054 possidere
616 2977 663 3036 cel
688 2977 778 3055 quasi
813 2978 924 3037 onmia
953 2992 982 3037 et
1005 2979 1134 3056 singula
1169 2975 1328 3057 predicta,

99 3095 200 3153 donec
235 3114 289 3172 per
320 3114 350 3151 se
379 3094 427 3152 rel
453 3113 506 3172 per
530 3094 633 3153 aliurn
670 3108 818 3153 tenutam
850 3094 1010 3173 ingressus
1045 3094 1142 3154 luerit
1174 3112 1329 3171 corpora·

99 3213 171 3269 lem.
259 3209 328 3268 Hoc
351 3228 481 3288 quoque
506 3225 601 3288 pacto
631 3210 715 3269 inter·
746 3210 906 3290 predictos
930 3211 1079 3290 apposito
1108 3223 1329 3279 contraentes,

99 3328 185 3407 quod
209 3328 244 3397 si,
268 3327 369 3387 linitis
391 3327 485 3385 dictis
507 3328 751 3406 quinquaginta
782 3344 855 3388 octo
879 3330 983 3398 carinis,
1012 3329 1146 3408 predicti
1171 3327 1328 3386 dominus

99 3445 208 3510 abluas,
230 3444 371 3501 domnus
394 3442 492 3501 Clota
516 3441 564 3515 (ti)
588 3444 634 3502 sel
659 3462 851 3501 successores
883 3444 950 3502 eius
984 3444 1163 3522 predictam
1196 3441 1330 3501 inresti-

99 3577 207 3619 turam
231 3580 284 3620 seu
310 3560 456 3619 lirellum
482 3561 602 3619 vellent
623 3560 660 3618 ad
685 3561 808 3619 dictum
829 3562 1064 3620 ruonasterium
1080 3579 1239 3626 revocare,
1256 3578 1329 3617 om-

100 3679 152 3736 nia
177 3677 423 3735 melioramento
448 3676 530 3735 lacta
555 3676 587 3734 in
613 3676 764 3753 predictis
788 3677 873 3743 locis,
897 3677 1147 3756 possessionibus
1175 3690 1205 3735 et
1229 3676 1328 3734 rebus

100 3814 153 3870 per
169 3792 395 3871 supradictum
409 3792 580 3851 damtinum
610 3791 788 3850 lietardum
803 3807 832 3852 et
848 3793 948 3851 eciam
973 3794 1040 3851 eius
1054 3791 1183 3851 heredes
1202 3789 1322 3849 eisdem

99 3909 233 3966 arantino
259 3907 401 3965 lietardo
426 3908 473 3964 cel
496 3907 560 3965 suis
585 3907 756 3965 heredibus
789 3908 927 3967 debeant
953 3907 1105 3966 resarcire
1129 3907 1162 3965 in
1186 3904 1327 3965 extima-

98 4026 186 4083 tione
219 4025 361 4081 dttortun
395 4025 587 4082 cornubiam
624 4025 827 4092 artricorutn,
861 4025 892 4081 in
928 4024 1021 4082 dictis
1053 4024 1326 4091 melioramentis,

101 4140 259 4187 lrrrr‘tihrts
282 4138 496 4186 parcimoniis
524 4160 557 4186 or
583 4139 676 4186 dictis
705 4139 798 4186 reiut<
831 4139 964 4186 ntittt'nw
1001 4138 1218 4186 cr‘trtrrttltrttis.
1250 4155 1325 4186 c'rtttt
