2858 4792
105 486 160 550 118
403 505 572 547 natazronr
596 505 655 547 rna
677 505 805 548 venons
827 507 847 547 a
869 506 1019 549 naurovr

102 717 277 782 devrandis
310 719 540 780 ambaxatores
562 717 671 780 Partis
693 717 857 780 Cremone
889 717 1088 792 extrinsece;
1118 717 1273 780 Albricus
1300 717 1340 780 de

101 833 295 897 Calvixanis
317 834 416 896 iudex
439 834 555 897 doctor
575 836 697 918 legum,
721 834 876 896 Albricos
905 833 944 897 de
974 832 1158 897 Yxenardis
1187 835 1339 896 ambaxa·

100 965 188 1014 tores
208 965 241 1014 et
262 950 379 1013 sindici
403 950 601 1014 Communis
623 951 794 1033 Pergami;
821 955 905 1014 Atto
927 950 967 1012 de
997 950 1135 1022 Lucino,
1164 949 1237 1030 Ugo
1259 949 1337 1011 Fica

41 1109 44 1120 ·
100 1067 329 1128 ambaxatores
365 1063 563 1127 Communis
595 1064 799 1141 Cumarum;
833 1065 995 1127 Ribaldus
1032 1063 1150 1135 Cerla,
1183 1063 1336 1126 Roffinus

102 1180 299 1243 Cavalacius
322 1181 552 1243 ambaxatores
574 1179 771 1242 Communis
793 1179 955 1256 Novarie;
980 1179 1143 1242 lohannes
1160 1179 1199 1241 de
1215 1180 1337 1241 Sancto

100 1296 294 1368 Laurentio,
321 1296 482 1377 Mapheus
503 1297 702 1359 Mamaxella
729 1297 959 1359 ambaxatores
986 1296 1183 1359 Communis
1205 1297 1335 1370 Laude;

99 1411 276 1474 Tomasius
297 1411 336 1472 de
359 1410 471 1484 Colc0,
493 1413 707 1474 Bertholinus
726 1414 765 1474 de
781 1413 970 1476 Trimanno
985 1414 1215 1476 ambaxatores
1238 1412 1336 1475 Com·

100 1530 211 1591 munis
226 1567 228 1571 -
242 1528 479 1607 Vercellarum,
501 1530 647 1591 volentes
667 1530 758 1611 sequi
781 1541 813 1591 et
845 1530 1009 1610 complere
1039 1532 1275 1592 conventiones
1303 1543 1335 1590 et

98 1645 289 1708 concordias
303 1645 519 1727 supradictas,
534 1645 675 1726 quilibet
691 1665 807 1712 eorum
829 1666 888 1708 suo
905 1647 1040 1708 nomine
1062 1660 1094 1709 et
1120 1647 1337 1709 nominesua·

101 1782 175 1823 rum
198 1760 386 1824 Civitatum
409 1762 623 1824 intraverunt
643 1762 677 1823 in
701 1763 804 1824 dictas
831 1752 1001 1824 societates
1026 1776 1057 1824 et
1081 1763 1115 1824 in
1138 1782 1190 1824 eas
1213 1763 1334 1844 recepti

101 1876 237 1938 fuerunt
272 1897 326 1958 per
355 1877 529 1938 dominum
560 1877 710 1939 Baralem
740 1878 916 1939 dominum
939 1885 990 1954 (a)
1018 1878 1119 1940 Bauci
1145 1879 1278 1940 missum
1302 1893 1334 1940 et

100 1993 262 2056 nuncium
284 1993 411 2055 domini
435 1993 551 2055 Catuli
575 1995 656 2074 regis
672 1995 791 2084 Sicilie,
808 1995 942 2057 nomine
961 1996 1063 2076 ipsius
1082 1995 1211 2057 domini
1226 1995 1335 2077 Regis,

100 2121 132 2170 et
149 2109 346 2171 Potestatem
365 2108 556 2180 Mediolani,
569 2110 702 2172 nomine
718 2111 818 2191 ipsius
840 2110 1045 2182 Communis,
1058 2127 1089 2174 et
1103 2131 1160 2193 per
1173 2111 1335 2194 predictos

100 2228 251 2290 dominos
274 2227 501 2290 Marchionem
524 2242 555 2291 et
579 2228 755 2300 Comitem,
777 2244 807 2291 et
831 2250 887 2311 per
903 2250 1015 2292 omnes
1031 2230 1112 2292 alios
1133 2231 1336 2312 suprascrip·

103 2359 151 2406 tos
172 2345 219 2421 (b)
242 2346 471 2406 ambaxatores
500 2344 722 2426 predictarum
748 2346 945 2419 Civitatum,
974 2367 1038 2427 que
1067 2347 1132 2408 iam
1162 2361 1335 2408 contraxe-

102 2473 177 2522 rant
205 2460 308 2521 dictas
329 2460 507 2531 societates,
529 2474 561 2521 et
584 2461 807 2541 promiserunt
829 2462 967 2522 solemni
992 2461 1208 2542 stipulatione
1229 2474 1260 2522 et
1285 2463 1336 2522 iu·

102 2590 261 2639 taverunt
279 2577 495 2658 corporaliter
514 2577 609 2638 tactis
632 2577 811 2658 Scripturis
827 2578 1000 2658 Evangelii
1015 2584 1060 2653 (c)
1081 2577 1215 2639 nomine
1231 2578 1336 2639 dicta·

102 2713 176 2755 rum
194 2692 381 2755 Civitatum
405 2693 573 2755 attendere
595 2706 626 2754 et
649 2695 822 2755 observare
848 2694 951 2755 dictas
975 2695 1144 2757 societates
1169 2708 1199 2755 et
1219 2695 1333 2755 omnia

102 2824 197 2890 pacta
219 2822 250 2870 et
273 2810 508 2870 conventiones
538 2810 639 2870 factas
668 2825 698 2870 ct
722 2810 822 2871 initas
855 2810 887 2871 in
921 2810 1016 2872 dictis
1043 2810 1263 2881 societatibus,
1288 2831 1335 2871 se-

100 2924 247 2986 cundum
264 2924 351 3005 quod
365 2925 556 2986 continetur
569 2926 602 2985 in
616 2926 846 2987 instrumentis
859 2926 1011 3007 predictis
1025 2925 1116 2986 lactis
1128 2926 1166 2987 de
1181 2924 1335 3006 predictis

101 3038 312 3099 societatibus
324 3058 331 3112 ;
355 3039 578 3120 promiserunt
609 3040 693 3100 sicut
726 3041 937 3102 intraverunt
970 3042 1073 3102 dictas
1097 3041 1276 3111 societates,
1301 3055 1333 3102 et

103 3155 292 3216 firmitatem
311 3169 342 3216 et
360 3154 604 3216 fraternitatem
621 3169 652 3216 et
668 3156 850 3216 amiciciam
876 3157 1029 3237 predictis
1051 3156 1193 3217 dominis
1216 3156 1334 3217 Bnrale

104 3272 238 3333 nomine
260 3271 340 3331 dicti
361 3271 488 3332 domini
507 3272 602 3352 Regis
623 3286 654 3333 et
679 3273 811 3333 nomine
835 3272 1031 3335 Communis
1054 3274 1242 3342 Mediolani,
1266 3293 1335 3333 am-

105 3384 318 3446 baxatoribus
337 3397 367 3444 et
383 3385 515 3444 sindicis
531 3385 752 3464 predictarum
778 3385 952 3446 civitatum
975 3385 1125 3467 superius
1148 3385 1335 3446 nominata-

104 3520 178 3562 rum
193 3501 432 3582 stipulantibus
454 3514 484 3561 et
501 3501 735 3581 recipientibus
757 3501 859 3562 dictas
881 3502 1119 3582 promissiones,
1145 3501 1333 3562 iuramenta

104 3618 237 3679 nomine
252 3637 386 3678 suarum
411 3617 610 3688 Civitatum,
626 3633 656 3678 et
671 3619 758 3678 dicto
773 3617 909 3678 domino
932 3617 1057 3679 Comiti
1079 3617 1253 3696 stipulanti
1273 3635 1333 3696 pro

102 3755 133 3794 se
148 3749 179 3795 et
201 3754 260 3794 suo
276 3733 409 3794 nomine
422 3748 452 3794 ct
470 3735 538 3794 vice
560 3748 590 3794 et
615 3734 747 3795 nominc
764 3734 842 3794 dicti
858 3733 984 3793 domini
1001 3732 1201 3794 marchionis
1220 3732 1334 3792 Esten-

101 3851 152 3910 sis.
236 3851 277 3910 Et
301 3849 510 3929 postmodum
535 3849 568 3909 in
591 3850 776 3910 continenti
793 3849 920 3908 domini
939 3849 1059 3909 Lucius
1074 3849 1112 3908 de
1129 3847 1332 3920 landriano

105 3965 279 4026 Guielmus
303 3966 448 4036 brutius,
465 3967 626 4046 Mapheus
641 3966 678 4026 de
697 3967 859 4045 PesclagO,
887 3967 910 4026 t?
919 3968 1028 4027 bertus
1044 3969 1082 4029 de
1098 3968 1127 4028 la
1145 3968 1253 4028 Turre
1268 3969 1334 4028 sin-

104 4082 166 4142 dici
184 4081 379 4142 Commnnis
394 4082 583 4154 Mediolani,
599 4098 630 4142 et
647 4083 800 4142 dominns
818 4083 1052 4162 llodulphinus
1069 4084 1107 4144 de
1120 4085 1212 4168 §islo
1233 4083 1336 4144 sindi-

103 4218 159 4258 cus
170 4212 200 4258 et
215 4200 410 4259 ambaxntor
423 4199 619 4259 Communis
633 4199 780 4267 Mantue,
793 4220 898 4260 comes
912 4201 1071 4261 Obicinus
1084 4202 1122 4261 de
1137 4200 1335 4271 Marcharia,

104 4313 320 4394 Optandinus
335 4314 373 4373 de
391 4315 532 4384 Galatis,
550 4307 770 4374 Bonacnrsius
789 4315 826 4375 de
844 4317 1012 4395 Scnpcrlis,
1030 4316 1281 4377 Bartlrolameus
1296 4315 1337 4377 de

105 4429 282 4476 Nttvrtlrtnrv
320 4431 567 4476 llnrtlmlnnwrrc
584 4433 621 4476 do
640 4432 823 4476 (lert-mvnrr'rs
860 4434 1111 4476 blvvrsrnmnmsrre
1132 4434 1169 4476 dn
1187 4433 1337 4476 anrwia.
