2874 4748
632 425 701 467 uoc,
724 426 819 466 var:
846 425 919 485 ¹299
1332 403 1386 484 345

161 651 192 698 et
215 637 364 708 Mantue,
385 652 416 700 et
439 637 577 718 predicti
595 636 722 699 domini
745 636 910 700 Guidonis
931 636 1011 698 dicti
1034 636 1200 699 Botexella
1224 637 1386 718 capitanei

162 755 312 826 Mantua,
333 767 365 817 et
388 753 666 816 Consiliariorurn
682 753 915 815 universorum
936 756 970 816 in
988 753 1137 816 Consilio
1158 753 1303 834 generali
1326 752 1389 814 Co·

160 870 270 932 munis
292 871 441 941 Mantue,
465 891 541 932 voce
564 871 716 951 preconia
739 886 770 932 et
792 889 873 932 sono
895 889 1064 951 campane,
1081 889 1171 932 more
1192 870 1299 941 solito,
1312 888 1388 930 con·

160 999 303 1067 gregato,
323 1005 420 1066 super
444 987 570 1068 palacio
593 986 693 1048 veteri
710 984 872 1048 Comunis
892 984 1030 1048 Mantua
1052 985 1387 1056 existentium,sindi-

159 1104 248 1165 cario
269 1117 302 1166 et
330 1105 559 1184 procuratorio
591 1105 724 1164 nomine
756 1103 958 1174 eorumdem,
988 1117 1024 1165 ut
1054 1104 1093 1165 de
1121 1105 1191 1184 ipso
1221 1102 1386 1164 sindicatu

160 1235 295 1302 apparet
325 1241 381 1302 per
410 1221 670 1282 instrumentum
695 1187 877 1301 publicum,
898 1220 1057 1301 scriptum
1079 1220 1140 1280 sub
1161 1221 1255 1301 signo
1276 1233 1306 1281 et
1330 1239 1387 1280 no-

162 1339 248 1400 mine
261 1338 445 1420 Froglerini
462 1338 501 1400 de
518 1339 542 1399 F
547 1338 704 1420 rogleriis,
718 1338 800 1399 sacri
815 1337 930 1420 palacii
945 1337 1067 1418 notarii
1083 1351 1115 1398 et
1130 1352 1210 1399 tunc
1225 1337 1387 1399 Comunis

162 1455 298 1514 Mantue
319 1454 500 1526 dictatoris,
520 1455 582 1514 sub
603 1453 655 1514 die
678 1453 845 1515 dominico
866 1455 986 1534 quinto
1009 1455 1157 1515 intrante
1183 1453 1274 1525 iulio,
1296 1470 1385 1514 anuo

160 1583 191 1629 et
214 1568 394 1631 indictione
417 1569 631 1651 presentibus,
646 1591 682 1632 ex
701 1584 793 1650 parte
809 1571 922 1631 altera.
1034 1569 1077 1650 [l]
1101 1570 1214 1631 Primo
1236 1569 1386 1631 videlicet

160 1684 248 1764 quod
271 1685 384 1750 dictus
399 1687 554 1748 dominus
577 1687 689 1748 Guido
710 1687 820 1748 dictus
843 1686 1010 1748 Botexella
1033 1689 1224 1767 capitaneus
1247 1687 1386 1748 Mantua

159 1813 190 1861 ct
213 1799 363 1862 Comune
387 1802 535 1873 Mantue,
548 1821 608 1882 pro
629 1822 660 1863 se
682 1817 713 1863 et
737 1801 849 1864 amicis
863 1801 929 1862 suis
944 1801 982 1862 de
1006 1799 1152 1863 Civitate
1175 1815 1206 1863 et
1225 1801 1385 1863 Districtu

163 1915 310 1986 Maurae,
324 1918 381 1997 qui
398 1927 487 1979 nunc
501 1932 578 1979 sunt
602 1919 698 1979 amici
723 1919 867 2000 ipsorum
885 1931 916 1979 et
932 1919 1150 1979 remanebunt
1170 1919 1202 1979 in
1223 1917 1386 1988 futurum,

159 2035 216 2112 qui
238 2031 391 2095 dominus
415 2033 526 2096 Guido
548 2035 655 2096 dictus
678 2036 844 2097 Botexella
877 2034 1069 2116 capitaneus
1092 2036 1230 2097 Mantue
1253 2049 1284 2097 er
1306 2035 1385 2097 dicti

158 2150 207 2208 sui
231 2149 326 2210 amici
343 2171 433 2212 nunc
449 2167 568 2237 regunt
592 2152 744 2215 Comune
768 2154 905 2241 Mantue
920 2168 952 2214 et
967 2167 1045 2214 sunt
1068 2151 1220 2213 Comune
1238 2154 1385 2225 Mantue,

160 2266 341 2338 habebunt,
364 2269 524 2331 tenebunt
547 2285 578 2330 et
601 2271 794 2332 tractabunt
812 2283 970 2351 perpetuo
984 2270 1136 2331 dominos
1157 2271 1335 2332 Albertum
1354 2285 1385 2332 et

161 2379 432 2442 Bartholameurn
457 2384 628 2463 predictos,
651 2353 816 2445 Comunis'
833 2399 864 2445 et
888 2383 1007 2465 Populi
1036 2384 1166 2445 Verone
1197 2386 1385 2465 capitaneos

159 2495 323 2572 generales
345 2511 375 2556 er
398 2516 512 2557 eorum
546 2499 667 2558 amicos
696 2499 734 2557 de
756 2497 891 2558 civitate
919 2510 951 2557 et
979 2497 1132 2557 districtu
1157 2497 1296 2569 Verone,
1328 2499 1385 2578 qui

161 2629 248 2694 nunc
265 2625 342 2672 sunt
359 2613 455 2673 amici
469 2614 613 2693 ipsorum
640 2612 861 2674 Donrinorum
877 2626 909 2674 et
924 2613 1143 2674 remanebunt
1166 2613 1201 2673 in
1221 2612 1386 2684 futurum,

157 2741 188 2788 et
213 2727 364 2789 Comune
387 2728 525 2800 Verone,
557 2730 614 2809 qui
637 2729 764 2790 domini
788 2730 943 2792 Albertus
965 2744 996 2791 et
1026 2730 1279 2792 Bartholameus
1300 2732 1386 2811 capi-

159 2843 247 2904 tanei
272 2843 399 2905 Verone
420 2859 452 2905 et
474 2844 554 2906 dicti
576 2846 625 2905 sui
649 2846 745 2907 aurici
770 2866 857 2907 nunc
881 2861 998 2925 regunt
1028 2844 1180 2906 Contune
1204 2846 1331 2907 Verone
1353 2862 1385 2908 et

158 2977 235 3022 sunt
258 2961 409 3022 Comune
433 2962 571 3033 Verone,
602 2982 660 3042 pro
688 2962 753 3023 suis
777 2963 860 3024 veris
883 2963 1004 3023 amicis.
1077 2955 1079 2958 ’
1117 2961 1177 3041 [ll]
1203 2963 1246 3023 Et
1272 2982 1385 3024 econ-

159 3077 371 3158 ver50,.quod
403 3079 540 3159 predicti
572 3080 699 3141 domini
734 3080 890 3141 Albertus
911 3094 942 3139 et
970 3078 1223 3139 Bartholameus
1256 3079 1385 3141 Verone

158 3193 322 3273 capitanei
344 3207 375 3255 et
399 3195 550 3256 Comune
575 3195 703 3257 Verona
727 3215 785 3276 pro
802 3216 833 3256 sc
848 3210 879 3256 et
903 3195 1015 3256 amicis
1036 3195 1102 3254 suis
1123 3193 1162 3255 de
1184 3194 1331 3256 Ciuitate
1353 3210 1383 3256 et

161 3309 318 3371 Districtu
344 3310 494 3380 Verona,
520 3314 577 3391 qui
602 3332 691 3372 nunc
713 3325 789 3372 sunt
814 3311 911 3372 amici
933 3311 1078 3390 ipsorum
1104 3324 1134 3371 et
1165 3312 1384 3371 remanebunt

160 3427 191 3485 in
224 3426 394 3497 futurum,
425 3441 457 3488 et
490 3426 641 3488 Comune
671 3429 816 3499 Veroue,
839 3427 895 3507 qui
922 3427 1049 3488 domini
1072 3428 1230 3488 Albertus
1251 3441 1282 3488 et
1306 3422 1384 3490 Bar·

158 3543 343 3603 tholameus
365 3544 528 3623 capitanei
553 3545 681 3605 Verone
703 3560 733 3605 et
757 3545 836 3605 dicti
859 3545 907 3604 sui
931 3543 1027 3604 amici
1062 3563 1150 3604 nuuc
1173 3559 1291 3623 regunt
1322 3544 1384 3605 Co-

160 3679 257 3720 munc
281 3659 409 3721 Veroue
430 3673 461 3720 et
484 3676 561 3721 suut
585 3660 734 3722 Comune
767 3661 916 3729 Veroue,
947 3660 1138 3729 habebunt,
1168 3661 1329 3721 tenebunt
1352 3677 1383 3722 et

157 3776 351 3836 tractabunt
375 3789 532 3856 perpetuo
556 3777 736 3855 predictum
762 3777 934 3837 dominum
960 3776 1149 3852 Guidonenr
1176 3776 1302 3837 dictum
1326 3777 1384 3838 Bo-

158 3892 542 3971 texellam,capitaneunr
568 3893 715 3963 tuamne,
728 3907 758 3953 et
781 3895 850 3954 eius
866 3893 987 3952 amicos
1004 3893 1165 3972 predictos
1187 3893 1226 3953 de
1247 3893 1383 3955 civitate

155 4021 187 4068 et
199 4007 350 4069 districtu
366 4007 503 4067 Mantua
516 4021 545 4068 et
560 4007 711 4068 Comune
725 4011 872 4080 Mantue,
885 4028 944 4089 pro
966 4009 1031 4068 suis
1044 4011 1129 4069 reris
1141 4009 1263 4071 amicis.
1306 4009 1350 4088 [ll
1357 4010 1383 4089 l]

159 4125 238 4185 ltem
262 4124 350 4203 quod
371 4125 613 4204 suprascriptus
635 4127 788 4212 dominus
812 4126 924 4187 Guido
946 4125 1052 4185 dictus
1075 4125 1241 4186 Botexella
1261 4125 1384 4206 capita-

157 4258 235 4298 neus
259 4238 396 4298 Mantue
418 4251 448 4297 et
473 4238 578 4297 dictus
601 4240 754 4299 dominus
778 4238 937 4319 Mapheus
967 4252 1161 4319 procurator
1174 4251 1215 4328 ‚et
1240 4238 1384 4298 sindicus

156 4368 187 4414 et
211 4354 439 4434 procuratorio
461 4369 492 4414 ct
508 4354 684 4415 sindicario
709 4356 840 4415 nomine
859 4375 925 4434 quo
947 4374 1055 4436 supra,
1071 4370 1102 4416 et
1119 4354 1270 4415 Comune
1292 4353 1384 4414 Man-

157 4482 223 4538 tue,
240 4486 298 4548 pro
315 4488 347 4528 se
362 4481 392 4528 et
408 4468 473 4528 suis
496 4469 608 4529 amicis
632 4469 793 4549 predictis,
817 4470 999 4538 habebunt,
1022 4470 1182 4529 tenebunt
1210 4482 1240 4528 et
1264 4482 1385 4529 tracta-

159 4585 241 4645 bunt
255 4598 413 4666 perpetuo
427 4584 576 4646 inimicos
591 4587 812 4667 predictorum
830 4587 1041 4647 dominorum
1058 4586 1187 4646 Alberti
1201 4599 1231 4645 et
1248 4585 1385 4645 Bartho-
