2850 4776
97 478 156 536 224
399 474 567 516 RELAZiONl
592 473 652 514 Fun
676 471 804 514 VERONA
828 474 846 513 E
872 472 1022 513 MANTOVA

114 583 209 590 ----
223 583 227 588 =
239 583 310 588 ι-..
329 583 337 588 .
631 579 765 586 -—---.-

97 709 219 770 pacem,
240 688 460 760 concordiam,
482 688 593 761 finem,
616 688 847 759 remissionem,
871 686 1104 750 refutationem
1135 699 1168 748 et
1191 700 1327 767 pactum

97 818 129 866 et
151 787 263 866 omnia
286 819 317 866 et
338 805 468 885 singula
490 805 712 887 suprascripta
730 804 874 886 predicte
892 818 1001 885 partes
1023 803 1109 864 inter
1131 823 1163 863 se
1186 801 1328 864 vicissim

95 921 192 983 alteri
201 922 434 1002 promiserunt,
447 936 557 1002 atque,
572 921 669 984 tactis
684 920 863 1002 Scripturis
875 920 1101 1001 corporaliter,
1114 918 1252 1000 predicti
1266 918 1331 979 sin·

95 1037 160 1098 dici
183 1039 380 1100 iuraverunt
403 1038 437 1099 in
460 1038 636 1099 animabus
658 1038 792 1098 illorum
817 1056 872 1118 per
887 1056 969 1117 quos
991 1035 1163 1098 constituti
1185 1050 1262 1096 sunt
1279 1050 1330 1096 at·

97 1152 230 1212 tendere
252 1165 283 1212 et
306 1152 478 1212 observare
502 1151 740 1213 inviolabiliter
762 1165 862 1233 atque
885 1150 979 1211 lirma
1002 1165 1034 1212 et
1058 1165 1129 1212 rata
1154 1148 1273 1210 habere
1295 1163 1328 1210 et

98 1283 207 1328 tenere
231 1281 389 1349 perpetuo
411 1281 443 1328 et
467 1287 532 1328 non
555 1268 787 1329 contravenire
809 1267 842 1328 in
867 1267 989 1347 aliqu0,
1005 1267 1075 1327 ullo
1090 1280 1246 1346 tempore,
1267 1265 1330 1325 sub

95 1383 254 1463 stipulata
272 1402 354 1464 pena
378 1382 468 1442 mille
490 1379 701 1442 marcharum
725 1381 866 1462 argenti,
888 1402 951 1462 que
973 1381 1013 1442 ad
1034 1381 1163 1462 singula
1181 1381 1328 1462 capitula

99 1501 271 1569 referatur,
294 1497 418 1559 tociens
441 1496 578 1577 petenda
601 1510 632 1557 et
654 1497 905 1576 exigendarum
927 1497 1043 1558 effectu
1066 1510 1179 1558 contra
1199 1509 1327 1577 partem

96 1610 389 1672 contral'acientem
413 1612 464 1672 vel
489 1632 553 1673 non
579 1611 816 1682 attendentem,
839 1612 994 1692 quociens
1022 1611 1121 1673 luerit
1145 1611 1331 1673 contrafac-

98 1743 180 1798 tum,
207 1727 254 1788 rel
277 1726 499 1808 predictorum
518 1727 651 1807 aliquod
669 1747 734 1788 non
750 1742 930 1798 servatum,
946 1745 1002 1808 per
1018 1728 1163 1809 aliquam
1181 1728 1329 1810 ipsarum

98 1845 255 1923 partium.
338 1844 381 1904 Et
403 1864 439 1904 ea
466 1843 637 1907 commissa
668 1844 718 1904 vel
751 1864 816 1904 uon
852 1844 1032 1915 commissa,
1055 1846 1162 1907 soluta
1186 1845 1235 1904 vel
1259 1865 1329 1905 non

96 1963 215 2032 soluta,
246 1961 357 2022 omnia
382 1975 412 2022 et
435 1961 562 2042 singula
598 1961 697 2022 liuius
728 1976 918 2023 contractus
950 1981 1075 2044 semper
1098 1975 1169 2022 rata
1201 1981 1330 2043 perma-

100 2092 209 2139 neant.
293 2079 336 2138 Et
359 2078 580 2157 promiserunt
605 2080 690 2139 inter
713 2099 744 2138 se
768 2078 908 2139 vicissim
932 2098 997 2138 una
1025 2097 1099 2160 pars
1120 2078 1215 2140 alteri
1238 2079 1331 2140 resti-

99 2209 190 2255 tuere
213 2214 325 2254 omnes
348 2214 502 2274 expensas
523 2209 554 2254 et
578 2194 738 2265 dantium,
761 2215 841 2274 quus
862 2209 894 2256 et
916 2195 1005 2274 quod
1029 2195 1164 2258 haberet
1186 2209 1219 2256 et
1242 2211 1332 2276 pate-

100 2325 192 2372 retur
214 2311 325 2391 aliqua
349 2312 494 2391 partium
520 2310 686 2392 prodicta
712 2331 793 2391 pena
819 2311 956 2391 petenda
973 2325 1003 2372 et
1027 2311 1183 2392 exigenda
1206 2327 1238 2372 et
1260 2332 1332 2372 orn·

100 2432 196 2491 nibus
217 2445 248 2490 et
271 2431 409 2510 singulis
431 2431 660 2512 suprascriptis
682 2431 809 2491 attendi
823 2446 853 2490 ct
869 2432 1036 2491 observari
1061 2430 1225 2502 iaciendis,
1241 2430 1331 2522 dictto

100 2547 201 2627 partis
224 2547 362 2627 petentis
387 2547 434 2606 vel
459 2547 617 2626 exigentis
640 2547 858 2616 credit0,sine
880 2561 1094 2608 sacramento.
1178 2546 1243 2608 Pro
1258 2549 1332 2628 qui·

100 2665 159 2723 bus
181 2664 335 2724 omnibus
358 2678 388 2724 et
411 2665 548 2744 singulis
569 2664 799 2746 suprascriptis
821 2678 979 2745 perpetuo
1002 2663 1209 2725 attendendis
1230 2678 1261 2725 et
1278 2666 1331 2726 ob·

96 2779 265 2839 servandis
288 2779 526 2840 inuiolabiliter
551 2780 694 2859 predicte
718 2796 825 2860 partes
850 2781 935 2840 inter
958 2802 989 2840 se
1006 2779 1144 2840 vicissim
1167 2780 1333 2860 obligare·

99 2908 177 2954 runt
194 2895 305 2953 omnia
323 2895 407 2953 bona
423 2894 643 2974 predictarum
661 2895 938 2966 lsnisersitatum,
954 2914 1095 2975 quarum
1111 2910 1187 2956 sunt
1202 2896 1332 2969 sindici‚

98 3025 128 3070 et
152 3031 186 3068 ea
211 3008 343 3068 interim
370 3029 434 3068 una
458 3029 532 3089 pars
557 3011 688 3070 nomine
712 3012 848 3072 alterius
869 3033 900 3070 se
925 3010 1084 3092 possidere
1105 3012 1291 3074 constituit.

181 3220 262 3276 Acta
285 3228 362 3274 sunt
386 3216 497 3275 omma
521 3232 552 3276 et
574 3217 704 3295 singula
720 3221 942 3299 suprascripta
968 3221 999 3279 in
1025 3234 1110 3279 terra
1136 3220 1281 3296 Suqarie,
1298 3221 1331 3281 in

98 3333 227 3391 ecclesia
245 3346 434 3391 salictorum
456 3333 579 3414 l'politi
604 3349 634 3393 et
652 3334 810 3404 Cassiani,
834 3335 1007 3394 millesimo
1035 3335 1260 3396 ducentesimo
1282 3356 1333 3397 oc·
1371 3356 1373 3359 ·

101 3449 282 3527 terrigesimo
305 3469 412 3517 nonu,
448 3451 627 3510 indictione
650 3451 811 3522 secunda,
843 3454 1049 3532 presentibus
1070 3453 1213 3514 dominis
1242 3454 1333 3515 Gan-

98 3565 223 3641 dulillo
246 3581 276 3625 et
300 3565 504 3645 l‘lrrlippino
520 3568 557 3627 de
574 3567 689 3627 Politis
705 3569 743 3628 de
760 3570 905 3646 Sugaris,
929 3571 1048 3630 Jacobo
1070 3569 1108 3630 de
1131 3571 1275 3632 Madona
1295 3572 1335 3633 de

102 3681 229 3746 l'urmn,
254 3681 448 3760 Siginbuldo
464 3682 501 3740 de
519 3684 660 3752 Sar-iola,
685 3682 878 3764 philippino
895 3685 932 3744 de
950 3687 1140 3767 (jarrnbottct,
1159 3686 1335 3762 Bulluqino

99 3798 137 3856 de
161 3798 375 3865 (Jremasclris,
400 3798 580 3857 llullinello
603 3799 640 3858 de
665 3799 794 3865 Cremu.
830 3816 859 3860 et
893 3801 989 3861 l'etro
1012 3802 1049 3861 de
1073 3802 1183 3878 (liriqis
1206 3817 1237 3863 et
1262 3805 1337 3863 aliis

101 3917 214 3974 multis
239 3917 375 3975 testibus
400 3917 531 3992 irruatis.

184 4122 264 4180 litio
289 4122 493 4190 (humilimus
518 4123 654 4180 condunt
680 4123 805 4181 domini
831 4124 1000 4204 Narmerij
1024 4127 1061 4186 de
1081 4127 1231 4198 Mantua,
1253 4131 1339 4190 sacri

101 4236 216 4314 pallacii
244 4239 400 4307 notarius,
428 4259 490 4296 unu
522 4259 595 4297 cum
628 4238 835 4299 'ilioruasino
864 4240 903 4298 de
928 4241 1096 4301 'tierrallinis
1119 4243 1156 4302 de
1181 4241 1284 4322 Regio
1308 4261 1340 4306 et

101 4354 264 4431 lucardo,
288 4356 342 4432 qui
368 4357 488 4414 dicitur
515 4356 690 4418 l'artiloca.
715 4357 752 4415 de
778 4356 918 4426 lerona,
949 4361 1096 4427 notariis,
1131 4362 1342 4441 presentibus

99 4485 128 4514 vi
156 4473 275 4514 murati<
301 4473 391 4514 nitrum
421 4474 637 4514 incriminarunt-r
665 4493 731 4514 irriti
756 4489 867 4514 hamur.»
891 4477 1047 4514 similiani-r·
1072 4491 1101 4514 nl*
1125 4477 1330 4514 crriwnikm-Ja
