2874 4748
358 439 527 482 nutnzlout
550 441 609 482 Fun
633 441 762 482 vunout
785 443 804 482 E
828 441 979 483 MANTOVA

185 639 229 736 3)
242 659 276 736 4)
302 653 452 722 Cioscuno
477 655 553 720 delle
575 655 631 722 due
649 658 737 744 parti
751 658 916 723 commenti
940 625 1067 722 trotterd
1085 670 1141 744 per
1163 660 1283 739 norici,

53 779 65 841 i
88 779 193 844 nernici
215 777 382 846 dell'oltra
401 792 500 866 parte.

187 909 220 984 5)
244 909 278 985 6)
303 903 413 970 Coloro
428 903 488 985 che,
508 918 566 992 per
580 927 671 970 causo
686 904 720 970 di
730 909 849 993 partito
861 907 989 994 politico
1008 929 1024 971 o
1041 906 1074 972 di
1090 906 1284 988 meditaturo,

44 1028 159 1115 surono
183 1028 300 1096 honditi
314 1029 354 1096 da
370 1051 431 1095 uno
446 1030 522 1096 delle
537 1030 593 1096 dne
611 1034 699 1118 porti
714 1034 889 1113 contraenti,
908 1055 967 1098 non
982 1035 1068 1099 siano
1092 1035 1219 1100 ricevuti
1235 1034 1285 1135 nel

51 1156 202 1220 territorio
226 1153 398 1220 dell'altra
417 1168 507 1242 parte
530 1169 708 1225 contenente.

81 1345 87 1378 ⁹
186 1285 220 1362 7)
244 1289 278 1361 8)
303 1280 453 1347 Cioscuno
476 1279 551 1346 delle
574 1281 630 1346 due
648 1285 735 1370 porti
757 1286 922 1349 commenti
945 1283 1102 1371 drsozderd
1131 1283 1260 1350 l'oltra.

140 1405 182 1470 Le
205 1403 260 1469 due
279 1407 366 1492 parti
387 1407 563 1487 commenti,
587 1405 635 1472 nel
652 1406 790 1493 faretra
809 1407 873 1474 loro
897 1408 1047 1495 olleonro,
1072 1409 1286 1475 solenmmente

51 1534 80 1596 si
97 1543 283 1618 promettono
307 1554 326 1598 o
348 1533 472 1598 vicardo
497 1547 606 1622 quanto
629 1547 732 1622 sopra.

143 1656 336 1722 Ginromento
355 1670 489 1745 preclaro
513 1658 594 1724 dalle
616 1658 671 1724 dete
689 1663 778 1746 porti
800 1665 974 1728 controenti.
1075 1663 1110 1729 Si
1132 1662 1285 1728 stabilisse
1322 1747 1326 1764 Ι

52 1787 82 1851 la
100 1799 180 1874 peno
202 1786 236 1851 di
258 1807 295 1852 ιο
319 1786 394 1851 mila
417 1786 542 1868 marche,
567 1809 587 1851 o
609 1786 658 1852 chi
682 1787 869 1875 trasgredird
893 1789 950 1854 toli
968 1793 1060 1876 palti.

134 2055 170 2115 ln
194 2054 327 2116 nomine
350 2053 458 2114 Patris
479 2068 511 2115 et
535 2052 610 2133 Filij
630 2067 661 2114 et
678 2055 820 2135 Spiritus
843 2056 967 2128 Sancti,
989 2077 1098 2118 amen.
1181 2061 1281 2117 Anno

50 2171 177 2233 domini
197 2171 370 2233 millesimo
392 2171 615 2232 ducentesimo
638 2172 850 2250 nonagesimo
873 2193 972 2244 non0‚
995 2172 1180 2235 indictione
1202 2171 1279 2232 duo-

50 2288 186 2357 decima,
208 2286 260 2347 die
282 2286 360 2347 lune
381 2299 473 2347 sexto
495 2286 644 2346 intrante
659 2306 768 2348 mense
785 2287 869 2349 iulii.
955 2288 1022 2349 Hec
1045 2301 1091 2349 est
1116 2289 1217 2350 forma
1231 2306 1275 2346 so-

50 2401 186 2471 cietatis,
209 2399 351 2470 unionis,
373 2398 647 2460 confederationis
662 2414 691 2460 et
710 2400 929 2462 fraternitatis
953 2402 1045 2473 lacte,
1062 2403 1145 2464 inite
1162 2414 1191 2463 et
1206 2419 1275 2460 con·

51 2532 153 2578 tracte
187 2517 272 2578 inter
308 2518 450 2576 nobilem
474 2530 505 2578 et
529 2515 740 2597 magnificum
766 2518 875 2579 virum
905 2517 1079 2580 dominum
1106 2516 1275 2579 Bartholo-

51 2656 172 2707 mcum,
195 2636 455 2718 primogenitum
480 2635 599 2695 nobilis
614 2650 645 2696 et
663 2635 827 2716 magnifici
849 2636 912 2698 viri
935 2637 1063 2697 domini
1090 2635 1215 2698 Alberti
1237 2634 1275 2694 de

51 2753 80 2813 la
105 2752 209 2824 Scala,
228 2750 316 2831 apud
332 2770 408 2811 eum
431 2750 592 2811 Comunis
613 2764 645 2810 et
669 2749 787 2830 Populi
804 2750 932 2812 Verone
954 2751 1165 2832 capitaneum
1187 2769 1274 2830 gene-

51 2871 150 2932 ralem
164 2882 196 2930 et
208 2868 403 2949 prudentem
417 2868 525 2927 virum
539 2866 712 2928 dominum
727 2867 901 2928 Nicolaum
915 2868 954 2928 de
967 2869 1157 2937 Altemano,
1168 2867 1272 2947 legum

49 2989 227 3055 doctorem,
248 2985 411 3045 sindicum
435 3000 466 3046 et
490 2998 736 3063 procuratorem
761 2984 823 3044 viri
849 2985 1021 3064 prudentis
1043 2984 1170 3045 domini
1191 2982 1274 3043 Con—

52 3105 121 3165 radi
144 3105 182 3164 dc
206 3103 318 3172 Gicits,
340 3102 378 3163 de
402 3102 532 3172 Ymola‚
557 3100 718 3161 Comunis
736 3101 865 3162 Verone
888 3102 1004 3162 iudicis
1026 3117 1058 3163 et
1082 3101 1222 3170 rectoris,
1242 3111 1274 3159 et

51 3219 169 3282 nobilis
191 3234 222 3280 et
246 3218 411 3297 magnifici
436 3219 497 3278 viri
519 3218 646 3279 domini
671 3218 799 3279 Alberti
823 3218 861 3279 de
877 3220 906 3279 ln
932 3220 1025 3280 Scala
1049 3217 1210 3299 capitanei
1224 3235 1276 3296 ge-

51 3338 169 3398 neralis
192 3336 353 3396 Comunis
367 3351 398 3398 et
415 3337 533 3416 Populi
551 3336 689 3406 Verone,
706 3357 741 3397 ac
759 3336 988 3398 universorum
1012 3337 1273 3399 consiliariorum

50 3457 82 3513 in
100 3452 249 3513 Consilio
266 3452 421 3513 Generali
439 3452 601 3513 Comunis
618 3452 755 3523 Verone,
779 3472 855 3512 voce
871 3456 1023 3532 preconia
1047 3467 1078 3514 et
1100 3472 1180 3513 sono
1194 3469 1276 3511 cam·

50 3589 143 3648 pane,
155 3588 245 3629 more
267 3568 375 3637 solitu,
388 3583 586 3649 congregato
608 3588 703 3648 super
727 3568 853 3648 palacio
869 3569 1030 3630 Comunis
1054 3569 1191 3638 Verone,
1212 3567 1275 3627 exi-

47 3687 217 3754 stentium,
239 3682 415 3743 sindicnrio
427 3698 457 3743 et
473 3684 701 3762 procuratorio
715 3684 848 3743 nomine
863 3686 1065 3754 eorumdem,
1082 3698 1118 3744 ut
1133 3683 1171 3744 de
1187 3681 1274 3742 dicto

47 3801 210 3861 sindicatu
228 3813 318 3880 patet
333 3799 556 3860 instrumento
570 3799 691 3878 scripto
707 3799 766 3857 sub
782 3798 875 3879 signo
891 3815 922 3859 et
939 3800 1072 3859 nomine
1086 3799 1110 3858 F
1116 3796 1273 3858 rancischi

50 3915 169 3990 notarii
184 3915 310 3975 domini
329 3915 482 3995 Daynesij
500 3916 538 3974 dc
556 3914 729 3984 chrtino,
746 3915 796 3972 dic
811 3916 940 3975 subbati
954 3929 1075 3995 quarto
1091 3914 1174 3992 iulii,
1186 3932 1274 3974 anno

48 4044 78 4089 et
97 4030 276 4090 indictione
294 4031 498 4109 presentibus
513 4050 549 4089 ex
569 4050 634 4090 una
658 4044 765 4109 porte;
836 4046 866 4090 et
891 4031 999 4090 virum
1016 4031 1159 4091 nobilem
1176 4029 1275 4089 domi·

49 4164 128 4203 num
144 4144 332 4205 (luidonem
349 4145 473 4205 dictum
493 4145 694 4205 Botexellam
708 4144 745 4203 de
761 4144 957 4214 llonacolsis,
973 4145 1184 4224 capitaneum
1205 4161 1275 4223 per·

49 4274 183 4340 petuum
209 4275 239 4319 et
262 4263 445 4338 generalem
464 4261 625 4321 Comunis
647 4276 677 4320 et
701 4260 819 4339 l‘opuli
835 4274 865 4319 et
883 4261 1039 4322 Civitatis
1054 4276 1084 4321 et
1105 4257 1277 4320 Districtus

51 4377 187 4426 llnnrno
211 4392 240 4426 nt
266 4380 439 4426 tlt‘fwirirrm
467 4380 574 4426 uirum
599 4378 769 4426 aimoinum
799 4378 974 4426 lllnnlronm
999 4379 1037 4426 do
1062 4375 1276 4426 Michaelihtts
