2834 4792
93 502 133 591 76
401 533 571 574 nataztour
596 535 655 575 rna
679 535 809 575 varona
834 535 852 574 t
877 528 1027 575 uaurova

95 760 239 808 neantur
260 749 352 810 omni
375 767 434 809 suo
456 768 555 829 posse,
577 748 732 819 exforcio,
755 747 832 810 dare
855 767 988 828 operam
1006 748 1047 808 ad
1063 748 1323 828 recuperandum

91 875 123 924 et
144 864 356 925 eximendum
379 864 418 924 de
439 864 589 926 dominio
612 863 725 944 perfidi
749 864 874 942 Ecelini
905 876 937 925 et
966 863 1093 924 Albrici
1123 876 1154 925 et
1178 861 1323 924 filiorum

91 992 122 1040 et
145 998 281 1039 suorum
307 978 475 1042 fautorum
492 979 594 1040 dictas
615 979 765 1040 civitates
787 991 818 1040 et
842 994 944 1040 terras
966 991 998 1038 et
1021 978 1090 1038 loca
1110 992 1141 1038 et
1158 997 1193 1038 ea
1216 977 1326 1038 defen·
1353 1002 1357 1010 ·

92 1092 237 1154 dendum
260 1107 292 1154 et
315 1094 602 1155 manutenendum
624 1093 720 1154 dictis
742 1093 894 1164 dominis,
917 1106 948 1153 et
971 1091 1084 1153 omnia
1111 1090 1175 1152 alia
1199 1091 1266 1151 loca
1292 1106 1324 1154 et

92 1210 242 1270 civitates
263 1223 295 1270 et
318 1223 431 1277 terras,
460 1229 523 1290 que
546 1224 703 1270 tenentur
730 1228 788 1288 pro
816 1209 911 1270 dictis
930 1208 1081 1268 Dominis
1111 1208 1145 1267 in
1174 1207 1324 1267 Marclria

93 1327 143 1388 vel
168 1305 299 1386 Verona
323 1326 372 1385 vel
396 1325 588 1396 Veronensi,
609 1341 639 1387 et
664 1329 697 1386 in
722 1326 834 1388 Feltro
855 1340 886 1387 et
910 1325 1048 1387 Beluno.

172 1441 282 1521 [Vlll]
307 1441 498 1522 ltem,quod
522 1462 582 1522 pro
601 1456 706 1502 morte
721 1456 752 1502 et
767 1443 945 1503 offensione
962 1441 1087 1518 Ecelini
1111 1441 1149 1502 de
1173 1441 1326 1502 Romano

92 1573 123 1620 et
145 1577 283 1619 suorum
319 1557 487 1635 fautorum
520 1557 712 1619 asoldentur
746 1578 805 1638 pro
829 1557 1073 1620 Communibus
1106 1556 1268 1618 Cremone
1292 1570 1325 1618 et

96 1675 233 1735 Mantue
254 1687 286 1734 et
309 1674 459 1735 Ferrarie
482 1688 511 1735 et
536 1674 646 1735 Padue
668 1687 699 1735 et
722 1674 884 1735 comitatu
903 1673 1043 1755 Rodigio
1065 1688 1096 1735 et
1121 1672 1327 1734 Lendenarie

95 1790 170 1850 mile
192 1789 327 1850 ducenti
349 1789 436 1850 inter
459 1790 579 1850 milites
601 1803 632 1850 et
655 1790 866 1870 equitatores,
889 1789 922 1850 in
946 1791 1067 1871 quibus
1095 1790 1160 1850 sint
1189 1788 1324 1850 ducenti

94 1904 252 1983 balistarij
276 1920 449 1986 equestreS,
472 1906 654 1986 dequibus
678 1906 840 1967 militibus
855 1921 886 1967 et
903 1906 1147 1987 equitatoribus
1169 1903 1326 1986 eligendis

92 2021 219 2084 domini
244 2021 392 2083 marchio
416 2022 559 2082 Estensis
573 2036 605 2082 et
629 2021 746 2083 Comes
763 2023 891 2082 Verone
910 2022 1033 2101 eligant
1058 2021 1277 2091 medietatem,
1292 2034 1324 2081 et

92 2139 246 2199 dominus
269 2138 417 2200 marchio
441 2139 662 2201 Pellavicinus
686 2140 785 2200 aliam
810 2139 1030 2209 medietatem,
1055 2153 1087 2201 et
1111 2139 1243 2219 insuper
1265 2138 1327 2198 du-

93 2254 179 2315 centi
205 2254 377 2324 balistarii,
399 2255 458 2334 qui
479 2268 567 2316 stent
589 2275 685 2335 super
710 2255 828 2315 riveria
854 2254 938 2335 Oley
965 2254 1193 2335 principaliter
1219 2253 1259 2313 ad
1281 2252 1328 2312 of-

96 2371 218 2431 fensam
242 2372 343 2452 ipsius
365 2372 490 2449 Ecelini
513 2387 545 2433 et
568 2373 614 2432 ire
637 2372 778 2433 debeant
800 2386 831 2433 et
853 2393 884 2432 se
908 2371 1039 2433 trabere
1061 2371 1126 2431 alio
1150 2369 1206 2429 ubi
1221 2369 1323 2430 eciam

95 2489 175 2551 foret
209 2491 290 2551 utile
322 2505 353 2552 et
386 2504 587 2571 oportunam
622 2511 681 2571 pro
713 2491 890 2551 offensione
926 2491 1052 2566 Egelini
1085 2503 1116 2550 et
1152 2488 1325 2548 fautorum

92 2626 226 2667 suorum
251 2621 282 2667 et
304 2608 409 2668 salute
441 2623 471 2668 et
505 2607 691 2668 defensione
721 2607 915 2677 amicorum,
939 2623 970 2667 et
993 2605 1148 2666 assoldari
1180 2605 1324 2666 debeant

93 2723 171 2782 dicti
195 2723 315 2783 milites
337 2724 376 2785 de
398 2727 562 2785 extraneis
586 2725 739 2803 personis,
761 2727 787 2784 si
811 2725 923 2784 haberi
948 2736 1140 2803 potuerunt,
1170 2743 1232 2802 que
1257 2741 1323 2783 non

92 2852 268 2899 teneantur
293 2840 396 2900 facere
429 2861 488 2921 pro
521 2841 633 2920 aliquo
654 2862 692 2901 ex
715 2841 809 2901 dictis
833 2840 1077 2900 Communibus
1106 2854 1137 2900 et
1165 2839 1247 2899 solvi
1272 2839 1325 2899 de-

93 2955 190 3015 beant
207 2977 222 3014 a
241 2955 335 3015 dictis
359 2955 612 3026 Communibus,
634 2957 814 3016 secundum
840 2955 1104 3035 magnitudinem
1124 2954 1323 3014 facultatum

92 3071 266 3132 cuiuslibet
289 3072 454 3132 dictarum
478 3073 654 3134 civitatum
679 3087 708 3132 et
733 3074 892 3145 locorum,
917 3073 1067 3133 videlicet
1091 3073 1124 3132 in
1145 3071 1233 3131 hunc
1256 3091 1327 3131 mo-

92 3189 182 3258 dum,
204 3189 292 3268 quod
316 3189 503 3249 Commune
526 3188 689 3250 Cremone
722 3190 837 3250 debeat
860 3192 984 3251 solvere
1008 3203 1140 3250 tantum
1168 3202 1324 3268 quartam

93 3321 218 3387 partem
242 3306 407 3366 dictorum
434 3307 579 3367 militum
604 3307 831 3385 equitatorum
855 3320 885 3367 et
912 3306 1166 3375 balisteriorum,
1182 3318 1213 3365 et
1230 3303 1327 3364 Com·

92 3424 205 3484 munia
231 3423 368 3484 Mantue
384 3446 400 3484 e
417 3424 565 3483 Ferrarie
582 3439 612 3483 et
631 3423 740 3484 Padue
759 3427 900 3505 reliquas
921 3440 987 3485 tras
1001 3439 1117 3504 partes,
1140 3421 1328 3501 efu]ntibus

93 3538 222 3598 nunciis
245 3538 409 3598 dictorum
428 3539 646 3599 Domitiorum
670 3555 700 3600 et
715 3541 954 3601 Communium
979 3541 1017 3600 ad
1043 3538 1274 3599 assoldandum
1293 3550 1327 3597 ct

89 3655 283 3715 solvendum
308 3655 402 3713 dictis
426 3655 588 3714 militibus
611 3672 641 3715 et
665 3656 909 3734 equitatotibus
932 3673 962 3716 et
988 3656 1174 3724 balistariis,
1199 3654 1236 3713 de
1252 3654 1326 3732 qui-

92 3771 150 3827 bus
172 3770 278 3828 dictus
301 3769 455 3829 dorninus
479 3773 626 3830 tnttrcliio
650 3772 871 3831 Pellatitiuus
894 3794 956 3832 esse
978 3772 1093 3830 debeat
1119 3769 1273 3830 dominus
1291 3783 1322 3828 et

90 3886 291 3964 capitaneus,
314 3884 414 3945 dottet
440 3887 592 3959 Eeelinus
616 3889 663 3947 uel
689 3909 765 3966 gens
780 3910 836 3947 sua
854 3891 980 3948 steterit
1003 3889 1037 3946 in
1064 3888 1186 3956 Brixia,
1210 3884 1258 3943 vel
1279 3883 1326 3942 di·

88 3999 217 4066 strictu,
241 4016 270 4058 et
295 4000 434 4059 debeant
458 4002 536 4061 dicti
555 4005 674 4062 milites
692 4006 845 4066 :issoldari
864 4026 1034 4083 quousque
1059 4023 1174 4081 guerra
1196 4019 1326 4080 presens

89 4114 224 4175 durabit
248 4130 277 4173 et
303 4116 407 4173 rictus
433 4117 529 4175 fuerit
557 4120 707 4186 licelinus
730 4136 760 4179 et
785 4120 898 4179 debeat
923 4142 985 4180 esse
1008 4120 1199 4197 capitaneus
1221 4116 1328 4176 domi-

90 4250 151 4288 nus
176 4233 323 4290 ritttrclrio
349 4232 569 4292 Pellaticinus
593 4235 757 4295 dicturum
783 4238 941 4305 militum,
964 4237 1191 4313 equitatorum
1215 4246 1245 4291 et
1271 4232 1328 4290 ba-

87 4347 293 4407 listariorum
318 4348 350 4405 in
376 4362 444 4407 tota
471 4364 555 4408 terra
580 4364 609 4409 et
635 4351 786 4411 districtu
822 4354 929 4410 liririe
960 4368 989 4410 et
1018 4350 1172 4408 llritiane
1194 4362 1223 4407 et
1248 4345 1328 4405 Cre-

88 4482 186 4524 moue
209 4478 240 4522 et
265 4464 496 4526 Cremonensis
512 4484 541 4526 et
562 4469 592 4527 in
610 4471 765 4529 orantibus
791 4470 862 4528 aliis
888 4469 1036 4546 partibus
1054 4488 1069 4524 a
1085 4466 1219 4525 flumine
1240 4463 1327 4543 Oley

84 4578 178 4639 citra¹
245 4584 271 4637 ,l
287 4581 423 4640 tlutuine
438 4603 514 4642 tero
528 4586 611 4664 (fille-i·
626 4589 730 4651 ultra,
747 4601 839 4644 eitra
857 4585 1041 4643 districtum
1061 4583 1178 4650 Iltitie,
1191 4580 1256 4638 sim
1274 4579 1328 4638 do·

84 4693 166 4741 tttlttf
193 4710 222 4740 Of
248 4697 409 4740 1¹⁴ttifl¹rtt21f
438 4701 573 4740 tsr*,›,ff,*tf
600 4703 724 4740 ,latissimi
753 4701 899 4740 riirrfflifrn
927 4700 1063 4740 isermun-
1082 4713 1110 4740 .·f'
1141 4716 1243 4740 ηἪΙἹἹΝ
1265 4693 1326 4740 VD.
