2858 4792
108 475 161 522 112
407 477 580 520 netrzrosr
603 478 663 519 rna
687 478 856 520 innostra
881 476 1032 518 aasrovi

104 695 270 756 tatoribus
290 708 321 757 et
343 693 486 777 syndicis
507 699 557 768 (α)
587 692 821 774 recipientibus
850 691 919 753 rice
949 709 986 751 ac
1008 689 1142 752 nomine
1167 689 1334 752 dictorum

102 809 264 872 nobilium
299 810 501 873 Marchionis
531 823 564 871 et
586 809 727 872 Comitis
749 822 780 871 et
804 807 961 869 heredum
989 826 1126 869 snorum
1155 820 1187 869 et
1211 807 1279 868 vice
1302 819 1335 869 et

104 928 414 990 nominedictorum
439 927 645 990 Comunium
668 941 700 988 et
723 925 907 987 amicorum
930 944 1067 986 suorum
1092 925 1177 986 bona
1201 922 1263 985 fide
1285 938 1335 985 at·

102 1047 236 1110 tendere
256 1060 288 1109 et
310 1049 483 1108 observare
498 1060 529 1108 et
546 1059 661 1107 contra
679 1045 712 1106 in
729 1045 842 1125 aliquo
864 1064 930 1105 non
954 1044 1077 1116 venire,
1098 1057 1130 1105 et
1153 1043 1240 1125 quod
1260 1057 1333 1125 post

101 1162 262 1225 decessum
280 1162 359 1224 dicti
379 1161 506 1222 domini
522 1161 618 1242 Regis
641 1160 772 1222 heredes
789 1160 839 1220 sui
856 1160 1065 1222 renovabunt
1087 1172 1333 1221 sacramentum

100 1275 196 1354 dictis
208 1278 376 1339 nobilibus
388 1289 419 1338 et
434 1278 500 1338 suis
523 1276 743 1337 heredibuset
756 1276 852 1337 dictis
874 1273 1093 1346 Comunibus‚
1105 1272 1335 1356 quandocum-

102 1413 166 1474 que
182 1392 264 1485 'inde
289 1393 413 1453 fuerint
432 1392 592 1472 requisiti,
613 1392 706 1452 salvo
729 1390 853 1452 honore
870 1405 900 1452 et
921 1389 1087 1452 mandatis
1111 1389 1258 1451 Romane
1277 1390 1336 1450 Ec·

99 1510 193 1572 clesie
207 1522 239 1571 et
256 1509 397 1591 exceptis
420 1508 458 1570 de
475 1508 696 1570 conventione
718 1507 904 1589 predicta..
928 1528 1000 1587 rege
1023 1506 1269 1569 Francorum..
1285 1526 1336 1566 co-

99 1625 179 1687 mite
202 1624 388 1686 Pictavensi
411 1626 460 1702 (b)
482 1638 554 1686 et..
578 1624 770 1686 marchione
791 1623 1043 1694 Montisferrati,
1069 1620 1257 1684 Comitibus
1277 1622 1333 1682 Sa-

101 1740 220 1803 baudie
241 1756 272 1804 et
293 1741 524 1812 lanuensibus‚
539 1755 570 1802 et
585 1742 727 1821 exeeptis
743 1740 885 1802 dominis
901 1739 939 1800 de
955 1741 985 1801 la
1005 1739 1114 1800 Turre
1126 1751 1158 1799 et
1177 1736 1336 1800 Commu-

100 1858 198 1919 nibus
221 1859 412 1930 Mediolani,
435 1858 598 1939 Pergami,
616 1858 738 1927 Laude,
754 1857 897 1919 Novarie
919 1871 950 1918 et
973 1855 1170 1918 Cumarum.
1261 1859 1334 1923 Hoc

99 1988 172 2035 acto
194 1976 280 2036 inter
302 1975 428 2036 dictum
453 1974 626 2035 dominum
653 1974 773 2055 Regem
786 1986 818 2034 et
838 1972 939 2034 dictos
964 1971 1117 2054 syndicos
1137 1974 1182 2051 (c)
1203 1984 1236 2034 et
1259 1991 1334 2053 pro-

97 2104 273 2162 curatores,
298 2092 386 2172 quod
417 2090 696 2171 quandocumque
726 2090 864 2170 predicti
896 2088 1020 2150 nobiles
1050 2087 1200 2149 Marchio
1228 2102 1259 2148 et
1282 2087 1335 2161 (d)

98 2205 216 2267 Comes
233 2220 264 2267 et
280 2205 457 2284 consiliarii
481 2205 646 2266 dictarum
670 2205 846 2267 civitatum
872 2205 1009 2265 Mantue
1032 2217 1063 2264 et
1086 2203 1237 2264 Ferrarie
1260 2221 1335 2263 con·

98 2324 306 2385 firmaverint
330 2324 485 2405 predicta,
502 2338 532 2385 et
550 2325 759 2404 promiserint
779 2315 1013 2385 et'iurarerint
1035 2338 1066 2384 et
1090 2321 1332 2384 incartaverint

96 2439 209 2499 omnia
231 2439 418 2520 supradicta
450 2439 488 2500 de
519 2440 618 2499 serbo
641 2439 681 2498 ad
705 2440 841 2499 verbum
866 2453 897 2499 et
923 2438 1071 2498 miserint
1105 2437 1164 2518 ipsi
1196 2436 1333 2497 domino

99 2556 179 2637 Regi
195 2556 298 2617 dictas
310 2574 416 2618 cartas
434 2557 534 2617 lactas
550 2576 605 2636 per
622 2575 758 2617 manum
777 2557 954 2637 publicam,
976 2557 1135 2637 sigillatas
1155 2555 1270 2635 sigillis
1285 2560 1331 2628 (e)

97 2691 224 2740 eorum,
245 2673 333 2750 quod
357 2673 463 2733 dictus
486 2672 641 2732 dominus
666 2672 745 2742 lies,
767 2672 806 2732 ad
832 2673 1081 2751 requisitionem
1097 2670 1207 2749 nuntii
1232 2671 1332 2732 dicto

98 2808 171 2849 rum
197 2788 368 2848 Nobilium
382 2802 412 2849 et
427 2789 679 2860 Communium,
703 2804 854 2849 teneatur
868 2788 1012 2868 predicta
1029 2789 1142 2849 omnia
1163 2788 1266 2849 facere
1285 2787 1332 2846 iu·

98 2907 168 2964 vari
194 2905 225 2964 in
250 2905 397 2965 animam
420 2925 523 2975 suam,
546 2906 634 2984 quod
659 2906 724 2985 ipse
743 2905 886 2985 predicta
911 2904 973 2985 (f)
995 2906 1107 2965 omnia
1132 2905 1330 2965 attenderet

98 3023 285 3084 observabit
309 3038 340 3084 et
364 3024 543 3084 incartabit
567 3038 597 3084 et
620 3024 788 3102 sigillabit,
811 3025 894 3084 sicut
917 3024 1035 3104 scripta
1067 3037 1145 3083 sunt
1169 3023 1207 3083 de
1230 3023 1333 3082 serbo

99 3140 138 3198 ad
163 3142 312 3209 verbum,
338 3130 435 3199 salvis
457 3160 580 3220 semper
603 3160 661 3220 pro
685 3154 825 3220 utraque
849 3155 940 3219 parte
963 3140 1129 3200 mandatis
1151 3155 1181 3201 et
1206 3140 1332 3201 honore

100 3255 249 3316 Romane
278 3256 429 3326 Ecclesic,
460 3257 601 3335 exceptis
623 3263 675 3336 (g)
699 3277 770 3335 rege
794 3255 997 3316 Francorum
1026 3271 1057 3316 et
1080 3257 1151 3316 aliis
1182 3256 1334 3335 superius

99 3371 288 3431 nominatis.
417 3371 451 3430 ln
476 3371 569 3431 cuius
600 3372 643 3432 rei
676 3371 901 3431 testimonium
937 3386 1119 3452 presentem
1150 3386 1275 3433 cartam
1300 3387 1332 3434 et

99 3487 225 3546 lieteras
238 3487 352 3567 sigillis
367 3487 432 3546 suis
447 3487 665 3566 pendentibus
687 3487 793 3546 dictus
816 3487 969 3547 dominus
986 3509 1039 3548 rex
1053 3504 1084 3548 et
1099 3488 1271 3568 Philippus
1282 3491 1333 3562 (h)

98 3601 136 3662 de
159 3602 332 3683 Capharis,
357 3602 473 3662 Petrus
496 3602 534 3661 de
558 3603 756 3677 Misoctis(r')
780 3617 809 3662 et
829 3604 1023 3682 hs’rrrericus
1045 3604 1083 3663 de
1108 3604 1266 3664 Asandris
1281 3607 1332 3677 (l),

98 3732 326 3795 procuratores
342 3732 372 3777 et
395 3718 523 3797 syndici
537 3725 595 3789 (m)
612 3719 791 3798 supradicti
805 3719 940 3796 sigillari
967 3719 1123 3779 lecerunt.
1206 3726 1330 3779 Actum

100 3834 212 3902 llome,
248 3834 280 3892 in
317 3834 446 3894 Palatio
470 3834 628 3915 Capitolii
653 3842 712 3907 (rr),
737 3838 941 3916 presentibus
971 3836 1147 3897 domino„
1171 3837 1333 3917 archiepi-

97 3969 193 4028 scopo
217 3950 410 4019 Cusentino,
440 3951 575 4009 domino
608 3952 772 4011 Gauliido
796 3959 841 4025 (o)
872 3953 909 4012 de
943 3952 1146 4013 llellomonte
1172 3954 1332 4014 cancella-

99 4064 147 4122 rio
169 4071 224 4142 (p)
251 4065 428 4135 llaiocensi,
455 4067 611 4146 magistro
636 4068 767 4127 :indrea
795 4068 983 4146 Spillatensi
1007 4077 1054 4147 (ql
1076 4071 1245 4150 capellano
1275 4071 1333 4131 do-

102 4179 181 4236 mini
210 4180 305 4257 Pape,
331 4180 466 4238 domino
494 4181 638 4241 {solur-to
663 4183 700 4242 de
725 4182 857 4242 las-coo
882 4183 959 4241 iuris
986 4184 1173 4263 professore,
1195 4184 1336 4247 domino
