2874 4748
52 470 107 531 322
353 479 523 532 ustazront
548 489 606 530 rua
632 487 801 530 vesonae
825 489 976 530 naurova

52 593 804 603 ——-.——-.---——-—-—--.-.-.———...—
1032 595 1125 602 .—..—-
1132 596 1274 606 —-—

50 700 168 762 habuit
190 699 340 761 effectum
365 715 398 762 et
419 713 592 784 propterea
616 719 682 760 non
708 699 772 761 fuit
796 700 903 761 visum
926 701 1003 782 ipsis
1026 702 1178 765 Dominis
1201 704 1280 765 inde

51 817 177 900 aliquid
194 777 364 880 notificare
380 817 517 880 domino
533 819 687 891 Alberto;
709 837 826 880 verum
843 837 932 879 nunc
950 818 1105 880 dominus
1130 821 1280 882 Marchio

52 933 222 1015 requisivit
235 933 361 995 eosdem
381 933 549 1005 Dominus,
563 948 600 995 ut
617 935 700 995 alter
715 953 830 994 eorum
848 947 900 996 eat
919 934 960 995 ad
975 935 1094 1016 ipsum,
1108 938 1281 999 locuturus

49 1069 125 1111 cum
147 1070 195 1121 eu,
217 1065 276 1111 aut
299 1049 487 1111 Ferrariam
511 1063 568 1110 aut
592 1049 795 1131 Figarolum,
817 1049 895 1130 quia
921 1050 1001 1110 alibi
1024 1051 1193 1113 comodius
1215 1072 1280 1113 esse

51 1186 116 1228 non
134 1181 251 1249 potest,
273 1167 387 1247 inquo
402 1165 462 1246 ipsi
481 1165 616 1226 Domini
638 1165 823 1227 satisfacere
838 1165 1020 1228 intendunt
1042 1167 1179 1228 domino
1197 1169 1280 1229 Mar·

49 1282 161 1343 chioni
184 1296 215 1343 et
238 1283 285 1344 ire
307 1282 487 1343 secundum
511 1282 580 1343 eius
595 1282 842 1362 requisitionem
859 1294 889 1343 et
906 1283 1022 1344 audire
1043 1297 1075 1344 et
1095 1284 1280 1365 intelligere

50 1419 113 1478 que
135 1398 242 1459 dictus
263 1398 419 1459 dominus
442 1397 591 1459 Marchio
623 1398 727 1459 dicere
751 1399 893 1459 voluerit
916 1412 947 1459 et
971 1412 1077 1479 petere
1100 1414 1130 1461 et
1153 1401 1280 1473 offerre,

49 1534 174 1597 semper
196 1528 343 1595 gerentes
365 1515 398 1576 in
423 1513 535 1575 animo
557 1516 714 1596 quicquid
739 1514 793 1575 fiet
818 1513 936 1576 referre
957 1516 996 1575 ad
1020 1517 1231 1577 commodum
1248 1533 1280 1578 et

53 1630 210 1692 honorem
235 1631 315 1693 dicti
340 1631 475 1691 Domini
499 1629 537 1691 de
561 1632 590 1690 la
615 1630 718 1691 Scala.

132 1749 199 1824 Qui
222 1749 377 1811 dominus
399 1749 692 1809 Bonaventurinus
708 1748 742 1808 in
759 1748 827 1808 eius
845 1768 988 1829 regressu
1005 1750 1135 1810 rettulit
1151 1750 1279 1811 dictum

50 1865 224 1928 domiuum
245 1866 422 1926 Albertum
447 1865 635 1944 inquietum
661 1863 756 1924 fuisse
772 1864 809 1924 de
826 1865 980 1945 predictis
1002 1881 1033 1927 et
1057 1866 1197 1926 noluisse
1219 1885 1280 1945 pro

50 1981 182 2062 placito,
203 1981 290 2062 quod
304 1981 422 2060 aliquis
446 1980 669 2060 predictorum
687 1979 907 2040 Dominorum
932 1981 969 2041 de
994 1982 1134 2042 Mantua
1157 1983 1218 2042 iret
1236 1982 1278 2041 ad

50 2097 306 2176 colloquendum
328 2115 404 2156 cum
420 2095 508 2156 dicto
530 2095 666 2155 domino
690 2096 891 2156 Marchione.
955 2096 1083 2158 Tamen
1103 2097 1172 2158 viso
1190 2098 1279 2178 quod

49 2233 164 2274 eorum
198 2214 404 2293 propositum
427 2227 496 2273 erat
520 2213 601 2272 velle
624 2215 680 2283 ire,
703 2214 857 2274 concessit
887 2228 918 2275 et
942 2214 1038 2285 dixit,
1070 2216 1158 2295 quod
1193 2215 1280 2276 irent
1366 2279 1370 2294 ,

49 2330 132 2390 sicut
155 2329 200 2389 eis
222 2329 381 2408 placebat,
404 2345 434 2388 et
457 2328 482 2387 si
508 2330 587 2389 bene
610 2345 743 2408 agerent
768 2351 827 2410 pro
848 2331 902 2401 eis,
926 2332 1005 2392 bene
1020 2331 1120 2392 etiam
1144 2347 1279 2410 agerent

52 2466 110 2527 pro
125 2466 156 2506 se
174 2446 253 2525 ipsu,
274 2459 303 2504 et
321 2445 409 2524 quod
432 2447 608 2526 reputabat
629 2466 789 2506 successus
811 2468 923 2507 eorum
938 2469 1011 2508 suus
1033 2469 1095 2509 esse
1117 2469 1280 2510 successus

646 2688 688 2746 13.

142 2845 272 2924 Giugno
299 2864 349 2908 21.
374 2877 417 2890 -
448 2839 562 2926 Tugirrn
581 2841 679 2926 penti,
705 2853 932 2927 crcrorrzpngnulo
957 2841 995 2904 riu
1019 2843 1099 2919 aare
1127 2839 1205 2905 colla
1230 2843 1284 2929 qni

51 2969 162 3031 irrrrrtu
187 2968 358 3049 istrugiorre.
589 2989 681 3044 1299,
707 2969 829 3047 gingno
849 2989 884 3028 21
896 2991 903 3040 ;
930 2971 1090 3039 blantova,
1110 2968 1192 3028 nella
1209 2990 1282 3029 casa

51 3094 82 3153 <li
110 3093 296 3153 Bardeilone
320 3092 382 3170 (de’
399 3093 595 3170 Bouaccolsi)
621 3093 776 3171 Capitano
793 3094 824 3152 di
847 3096 1007 3154 Mantoua.
1143 3091 1281 3155 Burrul-

51 3215 126 3295 lonu‚
155 3217 303 3303 Capitone
328 3217 361 3280 di
384 3217 544 3296 rutamque,
569 3218 733 3280 restituisse
770 3215 886 3302 'sagino
917 3240 969 3280 suo
998 3215 1125 3303 fratello
1153 3218 1283 3304 proprio

46 3353 240 3428 procuratore
263 3342 458 3405 ar‘iurrurure
483 3339 614 3405 i'aruira
631 3342 772 3425 crrrriciqr'u
795 3364 847 3405 corr
871 3341 991 3425 Arrana
1015 3340 1035 3426 (
1048 3340 1129 3405 VIII
1127 3341 1147 3427 )
1172 3339 1283 3406 d’Esle

50 3488 139 3531 econ
163 3489 215 3529 sno
232 3464 360 3551 fratrib
386 3466 557 3529 Frurrrrnu.

131 3663 207 3723 Post
225 3681 297 3741 que,
314 3661 364 3720 die
381 3661 547 3720 dominico
562 3661 770 3740 subsequenti
795 3661 948 3721 dominus
971 3660 1120 3739 Taginus
1137 3659 1174 3719 de
1191 3680 1281 3720 man·

51 3780 128 3839 dato
150 3779 277 3839 domini
301 3776 487 3857 Capitonei,
502 3796 576 3835 cunr
594 3777 805 3858 infrascripto
829 3777 997 3848 mandatu,
1014 3777 1073 3836 ivit
1091 3776 1279 3838 Ferrariam

51 3895 89 3955 ad
114 3895 287 3954 dominum
312 3892 550 3962 intercisionem,
572 3893 712 3953 sociatus
736 3893 784 3954 iris
807 3893 1088 3963 arnbaxatoribus,

210 4010 373 4058 riuminis·
