2834 4792
93 470 131 531 82
394 488 648 530 nasamonium
672 488 799 530 venons
823 489 842 528 r:
866 488 1017 531 uturum

92 714 124 764 et
137 700 335 764 Communis
347 701 520 772 Cremone,
535 715 567 763 et
582 700 637 782 alij
657 716 896 784 procuratores,
911 715 941 765 et
958 716 1092 765 curator
1110 702 1323 765 dominorum

91 817 295 880 marchionis
319 819 463 879 Estensis
484 831 516 879 et
538 817 668 880 comitis
690 817 830 892 Verone,
851 833 883 881 et
905 819 1021 881 sindici
1038 832 1070 881 et
1096 833 1327 900 procuratores

91 934 360 1016 supradictorum
385 932 626 996 Communium
656 936 805 1007 Mantue,
827 936 977 999 Ferrarie
999 950 1031 1000 et
1052 936 1175 1008 Padue,
1197 938 1232 998 in
1255 938 1328 998 ani·

94 1050 212 1112 mabus
242 1050 466 1131 predictorum
487 1048 702 1113 dominorum
726 1051 928 1113 Marchionis
950 1064 981 1114 et
1008 1050 1149 1114 Comitis
1174 1068 1205 1115 et
1227 1072 1326 1135 super

93 1167 269 1228 animabus
284 1166 418 1227 illorum
433 1165 472 1225 de
488 1163 643 1228 Consiliis
657 1180 689 1228 et
705 1166 950 1229 Communibus
965 1167 1130 1230 dictarum
1147 1168 1324 1233 civitatum

93 1283 310 1364 corporaliter
333 1282 373 1343 ad
395 1288 445 1357 (α)
466 1297 579 1343 sancta
611 1282 670 1344 Dei
690 1284 883 1365 Evangelia,
905 1283 1001 1345 tactis
1024 1285 1213 1366 Scripturis,
1235 1285 1325 1366 quod

95 1398 155 1481 ipsi
178 1398 306 1461 domini
328 1398 477 1460 marchio
493 1398 714 1462 Pellavicinus
726 1414 757 1462 et
775 1399 888 1461 Bosius
905 1415 937 1462 et
960 1401 1147 1464 Commune
1162 1399 1327 1464 Cremone

94 1529 127 1577 et
149 1514 288 1596 predicti
318 1515 444 1577 domini
478 1515 628 1577 Marchio
650 1517 793 1578 Estensis
814 1529 845 1578 et
869 1516 986 1578 Comes
1015 1517 1155 1589 verone,
1176 1532 1208 1579 et
1230 1519 1328 1580 Com·

95 1631 211 1693 munia
235 1631 383 1701 Mantue,
406 1630 566 1703 Ferrarie,
594 1644 626 1693 et
657 1632 768 1694 Padue
790 1632 847 1708 (b),
869 1634 960 1694 omni
988 1647 1135 1714 tempore
1157 1635 1190 1695 in
1214 1653 1328 1715 perpe-

96 1762 192 1810 tuum
217 1746 389 1809 habebunt
407 1761 438 1808 et
456 1748 617 1808 tenebunt
634 1761 741 1808 ratam
757 1761 788 1810 et
804 1747 934 1809 firmam
956 1761 988 1809 et
1010 1748 1236 1810 inviolabilem
1256 1769 1328 1831 pre-

95 1863 218 1925 dictam
231 1863 431 1935 societatem,
449 1863 703 1935 fraternitatem,
722 1865 905 1926 amiciciam
925 1878 956 1926 et
980 1865 1138 1927 unionem
1155 1865 1188 1926 in
1205 1879 1329 1940 totum,

95 1979 275 2041 secundum
299 1980 434 2040 modum
464 1994 495 2041 et
520 1979 659 2041 sormam
682 1981 953 2061 suprascriptum,
975 1996 1006 2042 et
1035 1981 1216 2052 habebunt,
1239 1995 1327 2043 tene-

98 2097 181 2158 bunt
204 2111 236 2157 et
258 2095 483 2157 observabunt
505 2109 536 2156 et
559 2095 798 2176 procurabunt,
821 2094 942 2156 facient
964 2111 995 2156 et
1023 2095 1191 2176 perficient
1213 2098 1327 2158 omnia

97 2212 243 2295 predicta
266 2212 411 2294 capitula
434 2224 466 2273 et
489 2211 647 2292 quicquid
669 2211 703 2271 in
727 2211 802 2292 ipsis
823 2211 978 2291 capitulis
992 2225 1023 2272 et
1040 2211 1073 2272 in
1092 2212 1240 2294 quolibet
1257 2231 1329 2292 pre·

98 2328 262 2390 dictorum
286 2328 510 2410 capitulorum
523 2328 719 2408 generaliter
735 2341 766 2389 et
781 2328 994 2408 singulariter
1010 2343 1041 2390 et
1056 2329 1239 2410 specialiter
1254 2349 1329 2391 con·

94 2444 237 2506 tinetur.
334 2445 408 2514 Oue
431 2444 543 2504 omnia
573 2458 604 2503 et
633 2444 762 2524 singula
784 2458 815 2505 et
845 2444 1015 2525 quodlibet
1044 2445 1266 2525 predictorum
1292 2445 1327 2505 in

99 2573 208 2622 totum
231 2573 262 2620 et
286 2579 360 2620 curn
384 2559 496 2620 effecto
512 2559 606 2619 ambe
628 2573 745 2638 partes,
761 2559 858 2620 modo
874 2559 1021 2640 predicto
1039 2573 1069 2620 et
1093 2559 1236 2630 nomine,
1251 2579 1327 2620 cum

97 2676 315 2757 stipulatione
343 2676 387 2735 sic
417 2675 456 2735 ad
483 2675 624 2736 invicem
647 2675 870 2756 promiserunt
901 2674 1070 2736 attendere
1093 2691 1124 2736 et
1144 2677 1330 2747 observare,

98 2790 260 2873 perficere,
284 2792 386 2852 iacere
408 2806 439 2853 et
462 2793 633 2872 complere,
655 2791 715 2850 sub
738 2811 819 2872 pena
844 2791 946 2852 trium
966 2791 1095 2851 milium
1114 2791 1329 2852 marcharum

100 2908 239 2988 argenti,
262 2928 336 2968 cum
360 2907 574 2988 stipulatione
607 2908 760 2987 premissa
794 2907 881 2968 inter
913 2907 1016 2968 dictas
1039 2920 1156 2987 partes,
1181 2920 1213 2967 et
1235 2906 1330 2987 dupli

100 3025 202 3086 danni
227 3039 257 3086 et
282 3025 384 3086 totius
405 3023 565 3104 dispendij
590 3023 706 3086 exinde
723 3023 800 3084 facti
817 3024 866 3084 vel
885 3022 1000 3092 habiti,
1023 3023 1069 3082 ita
1092 3023 1181 3102 quod
1199 3035 1331 3083 utrum-

100 3161 163 3223 que
186 3155 217 3202 et
240 3141 351 3201 omnia
381 3155 412 3201 et
441 3140 569 3221 singula
603 3140 787 3201 debeantur
810 3153 841 3200 et
864 3158 938 3199 cum
961 3140 1075 3198 ellectu
1100 3137 1166 3219 peti
1189 3150 1220 3198 et
1242 3137 1329 3218 exigi

100 3258 234 3339 possint,
258 3259 302 3318 ita
326 3257 413 3337 quod
429 3277 510 3338 pena
524 3276 620 3336 super
633 3257 786 3336 predictis
798 3270 829 3316 et
841 3276 936 3335 supet
953 3255 1101 3335 quolibet
1118 3254 1264 3335 capitulo
1281 3268 1332 3315 to-

101 3375 187 3436 ciens
210 3375 427 3435 commitatur
443 3389 474 3435 et
498 3375 562 3453 peti
587 3376 685 3454 possit
700 3388 730 3434 et
746 3374 829 3454 exigi
847 3394 921 3434 cum
946 3373 1072 3442 ellectu,
1088 3371 1241 3451 quociens
1254 3389 1333 3431 con-

102 3492 282 3551 trafactum
308 3489 417 3560 luerit,
441 3491 489 3550 vel
514 3491 557 3550 sic
582 3510 647 3550 non
673 3490 807 3561 sactum,
829 3509 882 3550 seu
908 3509 973 3548 nou
990 3503 1168 3549 sertatum.
1252 3487 1329 3561 Qua

100 3627 183 3687 pena
206 3606 250 3666 sic
272 3608 442 3667 commissa
476 3621 507 3667 et
535 3609 641 3667 soluta
666 3615 711 3681 (c)
744 3608 793 3667 rel
827 3622 951 3675 exacta,
983 3606 1094 3665 omnia
1129 3604 1274 3686 predicta
1297 3618 1330 3665 et

100 3724 228 3804 singula
253 3738 284 3784 et
307 3723 477 3803 quodlibet
501 3724 722 3802 predictorum
748 3724 780 3783 in
806 3724 902 3802 pleno
924 3736 1011 3782 statu
1035 3738 1065 3782 et
1089 3721 1209 3782 efficaci
1232 3719 1333 3780 tirmi-

102 3854 170 3898 tate
193 3839 383 3899 consistant.
487 3838 551 3898 Pro
573 3840 693 3918 quibus
715 3840 869 3899 omnibus
891 3854 920 3899 et
943 3839 1081 3918 siugulis
1104 3837 1255 3918 predictis
1277 3834 1334 3896 fir-

102 3954 187 4014 mius
210 3969 240 4015 et
263 3955 391 4035 plenius
414 3957 621 4016 attendendis
642 3956 805 4036 predictus
834 3956 987 4014 dominus
1012 3954 1159 4015 tnarchio
1191 3954 1332 4014 Pellaei·

102 4069 195 4130 cinus
217 4085 247 4130 ct
272 4071 385 4131 Bosius
408 4072 445 4131 de
470 4071 613 4131 Dotaria
639 4073 722 4130 botta
739 4092 794 4130 suu
820 4072 963 4150 proptia,
980 4085 1008 4129 et
1024 4071 1138 4129 sindici
1162 4083 1192 4130 et
1216 4088 1333 4149 procu-

103 4201 228 4247 ratores
251 4189 389 4268 predicti
411 4188 537 4247 domini
561 4188 760 4247 nntrclrionis
784 4189 824 4247 lis
844 4188 925 4247 ensis
956 4189 1040 4246 bonu
1064 4186 1175 4247 omnia
1198 4187 1333 4266 propria

104 4304 242 4384 predicti
275 4305 402 4364 domini
428 4305 648 4374 llnrcltionis,
672 4321 701 4364 et
725 4321 857 4364 curator
882 4304 1016 4384 prefucti
1048 4303 1175 4363 domiui
1203 4301 1334 4362 comitis

105 4419 234 4481 l'erone
259 4421 342 4480 bonu
367 4422 476 4480 omnia
501 4421 636 4500 predicti
661 4422 787 4481 domiui
809 4419 958 4490 Cotnitis,
982 4435 1011 4479 et
1034 4420 1149 4479 sindici
1173 4434 1203 4478 et
1220 4437 1336 4498 procu·
