2858 4792
600 408 672 450 noe.
694 407 839 450 xxxvur:
865 389 938 450 1265

236 729 316 792 Item
340 729 379 790 de
402 727 626 804 Mediolano(
651 733 674 802 ).

234 915 455 981 Confirmatio
476 930 508 980 et
529 927 773 977 sacramentum
805 913 938 976 unionis
959 927 990 975 et
1017 913 1189 975 concordie
1218 931 1293 974 cum
1318 913 1386 974 Me-

144 1032 298 1096 diolano.

236 1148 272 1211 ln
296 1150 429 1212 nomine
451 1149 578 1212 domini
602 1148 706 1210 nostri
730 1147 799 1210 lesu
822 1146 959 1208 Christi.
1041 1150 1142 1207 Anno
1163 1167 1181 1208 a
1205 1144 1356 1207 nativit³¹¹

140 1274 317 1338 eiusdem·
334 1275 367 1336 n
384 1296 393 1312 ·
408 1275 465 1338 cc
481 1295 489 1312 ·
505 1274 634 1348 aava,
657 1274 875 1336 <tremescunt
891 1296 899 1312 ·
916 1247 980 1337 xxi
995 1293 1002 1310 ·
1018 1273 1200 1335 aremensrs
1216 1272 1300 1334 fena·

139 1392 317 1455 indicione
338 1406 465 1455 octava.
557 1391 592 1456 in
616 1367 804 1473 episcopatu
832 1391 1081 1454 Mediolanensi.
1177 1408 1252 1470 pres

138 1507 294 1570 dominis
316 1507 455 1570 Acursio
477 1507 596 1570 Cutica
619 1520 651 1569 et
673 1507 810 1569 domino
839 1508 933 1569 Musa
957 1507 1112 1569 Messacio
1134 1519 1165 1567 et
1193 1505 1287 1566 Bond

138 1623 218 1685 filio
242 1624 355 1686 Nicole
384 1623 577 1686 Bondilioni
608 1623 737 1684 civibus
759 1601 1069 1695 Mediolanensibus,
1098 1636 1130 1684 et
1162 1622 1313 1704 Ayroldo

138 1738 266 1800 Cumis
287 1739 356 1802 cive
377 1738 539 1820 Pergami,
560 1753 591 1801 et
615 1738 742 1800 Uberto
764 1739 803 1800 de
825 1739 899 1800 Vita
917 1738 955 1799 de
977 1738 1103 1810 Cumis,
1128 1738 1266 1799 testibus
1288 1757 1303 1798 r

137 1856 196 1917 tis.
273 1855 455 1918 Andriolus
471 1854 645 1929 Gataldus,
659 1855 804 1916 sindicus
819 1855 1016 1918 Communis
1033 1854 1181 1925 Mantue,
1198 1869 1234 1916 ut
1251 1874 1296 1916 cor

138 1992 202 2054 per
218 1985 346 2034 cartam
357 1971 511 2054 scriptam
530 1991 586 2053 per
600 1970 825 2033 Bonominum
850 1971 1075 2049 notariumde
1091 1969 1266 2053 Cerlongo,

136 2089 259 2150 munis
282 2086 419 2150 Mantue
441 2087 648 2159 dictatorem,
671 2087 732 2148 hoc
747 2106 847 2158 annu,
862 2087 914 2149 die
934 2086 1015 2148 iovis
1037 2073 1232 2150 duodecimo
1250 2085 1319 2148 febr

138 2205 168 2265 ri
174 2204 195 2282 j,
208 2215 242 2264 et
258 2217 505 2284 procuratorem
521 2202 654 2264 Lodoici
669 2202 798 2263 comitis
811 2202 950 2275 Verone,
966 2202 1016 2263 uti
1032 2214 1160 2263 constat
1177 2221 1233 2282 per
1249 2221 1297 2262 car

136 2317 305 2381 traditam
328 2333 359 2381 et
380 2319 535 2400 scriptam
560 2299 623 2379 ¹isto
644 2337 744 2388 anno,
769 2319 820 2379 die
845 2318 973 2379 veneris
995 2337 1102 2378 ·xru·
1127 2315 1295 2395 februarii,

137 2433 407 2515 Pancagnonum
421 2434 590 2496 notarium
606 2447 637 2495 et
653 2433 847 2496 dictatorem
865 2433 1060 2494 Communis
1076 2433 1230 2506 Mantue;

136 2565 216 2612 trus
232 2549 271 2610 de
286 2550 415 2628 Manco,
425 2549 570 2610 sindicus
586 2548 783 2610 Communis
798 2549 823 2609 F
827 2549 958 2619 errarie,
973 2563 1009 2610 ut
1025 2561 1153 2610 constat
1169 2566 1225 2627 per
1249 2567 1264 2608 c

136 2665 304 2728 traditam
326 2679 357 2728 et
379 2665 536 2747 scriptam
554 2685 609 2747 per
627 2665 882 2727 Rambertinum
901 2665 938 2725 de
963 2663 1181 2740 Grimaldello
1204 2683 1220 2724 n

136 2790 315 2875 publicum
338 2790 536 2852 Communis
558 2789 718 2862 Ferrarie,
734 2791 794 2852 hoc
818 2812 907 2853 anno
928 2793 980 2853 die
1006 2791 1111 2852 sabati
1135 2763 1230 2853 ’νιοι1

137 2905 315 2986 februarii,
331 2921 362 2968 et
379 2920 513 2968 curator
536 2906 662 2968 domini
679 2906 836 2984 Obiconis
851 2907 1052 2968 marchionis
1075 2909 1227 2979 Estensis,
1244 2947 1272 2969 u.

134 3037 206 3085 stat
231 3042 287 3104 per
309 3037 434 3084 cartam
459 3022 616 3084 traditam
652 3037 682 3084 et
711 3038 865 3104 scriptam
897 3044 952 3104 per
982 3024 1081 3086 istum
1114 3025 1282 3086 notarium

137 3158 234 3202 anno
255 3153 286 3200 et
309 3138 380 3214 die;
422 3153 453 3200 et
482 3139 637 3200 dominus
659 3139 684 3199 F
689 3139 850 3200 redericus
879 3140 916 3200 de
946 3140 1196 3220 lavello-longo

136 3255 243 3316 radus
265 3253 304 3317 de
326 3255 446 3332 Palaco
462 3270 494 3318 ct
517 3255 730 3316 Enverardus
752 3255 790 3315 de
814 3255 939 3316 Bonate
955 3254 1070 3316 sindici
1094 3268 1124 3316 et
1145 3275 1228 3336 proc¹

136 3370 252 3446 Partis
275 3369 494 3434 Brixiensium
519 3370 789 3442 extrinsecorum,
818 3384 855 3431 ut
884 3384 1012 3432 constat
1036 3390 1091 3451 per
1121 3389 1172 3431 car

135 3485 301 3547 traditam
323 3500 353 3548 et
376 3486 532 3567 scriptam
557 3505 612 3566 per
638 3484 818 3546 Iohannem
843 3484 948 3546 filium
972 3485 1112 3546 condam
1133 3485 1172 3546 lo,

137 3608 255 3690 rigarij
289 3609 470 3680 notarium,
500 3610 612 3676 eodem
642 3632 741 3682 anno,
763 3611 814 3671 dic
837 3610 1003 3673 dominico
1026 3582 1132 3671 ·vn⁰¹·

137 3725 295 3799 bruario;
318 3744 431 3786 omnes
444 3726 581 3807 predicti
594 3727 771 3788 sindicario
785 3726 918 3787 nomine
934 3740 964 3786 et
984 3745 1020 3806 pr

134 3839 229 3903 torio
245 3841 378 3902 nomine
394 3841 560 3904 dictorum
584 3842 835 3912 Communium,
852 3842 1016 3902 dictarum

133 3958 305 4019 dictorum
327 3957 545 4038 singulorum,
561 3972 592 4020 et
611 3959 718 4019 Partis
733 3960 912 4020 extrinsece
927 3957 1016 4017 Brit*

132 4071 308 4156 Ayroldus
330 4072 368 4133 de
393 4072 537 4150 Bolcano
568 4075 713 4135 sindicus
740 4090 771 4134 et
803 4088 988 4153 procurator

130 4188 207 4272 puli
232 4199 263 4249 et
288 4187 473 4249 Hominum
498 4190 688 4260 Mediolani,
714 4205 748 4251 ut
772 4204 898 4250 constat
922 4208 976 4268 per

127 4304 353 4385 subscriptam
371 4325 427 4388 per
442 4301 565 4366 lulium
588 4307 737 4366 lncinum
756 4306 923 4366 notarium
942 4317 988 4364 cta

129 4397 253 4484 munis
272 4420 451 4482 Mediolani
468 4421 530 4482 isto
546 4442 644 4494 antro,
660 4422 710 4482 die
728 4420 880 4498 mercurii
901 4445 907 4456 ·
925 4393 988 4482 mel

184 4609 226 4664 (a)
240 4609 266 4649 Iu
281 4609 380 4651 rubrica.

212 4713 242 4757 C.
258 4714 365 4758 Cirnaba.
382 4738 408 4747 -
423 4718 593 4770 Relnar'urrr'srn
614 4720 698 4759 l'rrcuu
715 4732 725 4759 e
741 4720 856 4760 amanen.
