2834 4792
396 480 567 522 RELAZlONl
591 482 651 522 Fttt
675 481 804 523 VERONA
827 483 846 522 E
869 482 1020 524 MANTOVA

175 832 242 896 Part
255 833 418 898 Cremone
435 835 530 908 facta,
547 835 722 898 Millesimo
742 836 966 898 ducentesimo
985 855 1099 897 ·tvmr
1115 855 1134 907 ·,
1157 833 1323 896 indicione

92 952 268 1028 secunda(
293 957 316 1026 ).

174 1175 211 1238 ln
235 1175 362 1238 Christi
385 1176 529 1249 nomine,
552 1179 603 1240 die
624 1180 755 1240 sabbati
776 1200 783 1213 ·
802 1199 883 1239 vnr·
905 1191 1050 1239 exeunte
1083 1180 1189 1249 maio,
1211 1196 1326 1239 curen-

93 1292 183 1353 tibus
214 1293 310 1354 annis
345 1293 479 1355 Domini
510 1297 606 1356 ·M·
639 1296 863 1359 ducentesimo
894 1268 1050 1367 ·1.r⁸iurt·,
1081 1294 1245 1356 inditione
1276 1313 1322 1354 se·

92 1409 211 1470 cunda.
294 1410 499 1491 presentibus
521 1411 663 1473 dominis
694 1411 839 1474 Hentico
867 1413 906 1475 de
929 1411 1131 1492 Campitello
1160 1409 1266 1471 iudice
1289 1424 1321 1470 et

92 1524 274 1606 (janebono
288 1523 428 1606 Regenci
441 1539 472 1587 et
490 1527 727 1608 Montemagno
739 1528 778 1589 de
791 1529 1025 1600 Stancialibus,
1037 1544 1069 1591 et
1083 1527 1321 1588 Bonaventura

91 1641 131 1701 de
155 1640 299 1702 Valdulo
320 1657 352 1702 et
376 1641 540 1705 Paxolino
562 1643 600 1704 de
623 1643 726 1705 Turri
755 1645 892 1706 testibus
914 1659 946 1707 et
971 1643 1044 1724 alijs
1066 1642 1199 1724 rogatis.
1284 1642 1319 1702 ln

92 1757 216 1839 capella
239 1759 356 1838 palacii
380 1753 577 1821 Communis
600 1761 749 1822 Mantue.
833 1761 949 1841 lbique
978 1759 1132 1822 dominus
1161 1764 1230 1836 Aeo
1261 1755 1322 1817 Dei

92 1888 123 1933 et
147 1873 336 1953 Apostolica
352 1875 458 1955 gratia
477 1876 622 1936 Estensis
637 1888 667 1938 et
684 1877 922 1938 Anconitanus
938 1874 1086 1937 marchio
1102 1873 1188 1945 fecit,
1203 1872 1324 1934 consti·

93 1988 159 2050 tuit
182 2002 281 2069 atque
304 1991 474 2051 ordinavit
497 1991 649 2052 dominos
671 1992 884 2053 Petrecinum
908 1992 946 2052 de
969 1990 1192 2051 Vicedominis
1214 2003 1244 2050 et
1269 1989 1323 2049 Pe·

94 2119 183 2166 trum
207 2106 246 2166 de
268 2105 371 2167 Turri
394 2107 479 2168 cives
501 2107 526 2167 F
530 2108 724 2169 errarienses
740 2122 770 2169 ct
789 2108 929 2169 sindicos
952 2106 1149 2169 Communis
1170 2105 1322 2167 Ferrarie

93 2223 251 2295 absentes,
274 2242 332 2284 nec
355 2243 421 2285 non
447 2224 602 2285 Rufinum
620 2225 658 2285 de
675 2225 844 2308 (janicalis
860 2239 890 2286 et
916 2224 1123 2285 Bonifatium
1141 2223 1180 2285 de
1196 2224 1322 2283 Arlotis

94 2353 276 2418 presentes,
307 2339 447 2400 sindicos
469 2339 666 2401 Communis
690 2342 839 2412 Mantue,
861 2340 1098 2409 communiter,
1120 2359 1195 2399 suos
1217 2351 1322 2399 certos

92 2456 231 2516 nuncios
253 2457 364 2516 missos
385 2470 416 2518 et
441 2471 669 2536 procuratores
698 2457 737 2516 ad
762 2457 960 2527 faciendum,
993 2455 1172 2515 iurandum
1206 2469 1238 2516 et
1268 2452 1322 2514 fir·

94 2572 252 2632 mandum
278 2592 336 2652 pro
359 2592 400 2645 se,
423 2574 522 2633 simul
546 2593 619 2634 cum
643 2573 779 2633 domino
802 2573 963 2652 Lodoyco
985 2571 1104 2631 comite
1128 2571 1267 2640 Verone,
1289 2583 1321 2631 et

92 2688 324 2748 communibus
353 2689 528 2748 civitatum
554 2689 692 2748 ltlantue
725 2703 755 2748 et
777 2687 940 2748 'Ferrarie
962 2699 993 2746 et
1017 2686 1148 2758 Padue,
1178 2704 1232 2745 seu
1255 2686 1322 2745 suis

94 2803 224 2864 nunciis
245 2820 276 2864 et
299 2805 571 2885 procuratoribus
594 2818 624 2865 et
646 2804 778 2864 sindicis
801 2824 838 2863 ex
870 2817 961 2883 parte
986 2822 1062 2868 una.
1085 2821 1159 2862 cum
1183 2801 1321 2862 domino

94 2917 220 2979 Uberto
244 2919 435 2980 marchione
459 2919 661 2979 Pellavicino
688 2934 719 2979 et
752 2919 890 2978 domino
922 2918 1017 2977 Hosto
1045 2918 1084 2978 de
1115 2917 1259 2977 Dovaria
1290 2932 1321 2978 et

94 3034 275 3095 Communi
310 3035 472 3096 Cremone
504 3049 657 3114 exparte
690 3036 812 3104 altera,
835 3055 894 3114 pto
916 3053 947 3094 se
969 3048 1000 3094 et
1023 3033 1178 3094 omnibus
1205 3052 1321 3094 eorum

93 3149 205 3210 amicis
228 3151 401 3230 utriusque
426 3154 538 3230 partis,
560 3151 746 3211 societatem
771 3163 802 3209 et
824 3149 1033 3210 concordiam
1064 3168 1175 3208 veram
1205 3161 1236 3208 et
1263 3167 1321 3227 pu·

93 3286 174 3336 ram,
197 3287 406 3327 communem
431 3283 461 3326 et
484 3268 633 3346 equalem
659 3288 718 3347 pro
744 3268 812 3346 ipso
829 3267 964 3325 domine
981 3264 1166 3325 marchioni
1183 3265 1323 3334 Estensi,

93 3396 262 3461 propterea
278 3384 323 3456 (b)
346 3382 574 3452 obtinendam,
592 3382 682 3442 iuxta
702 3382 840 3441 sormam
858 3381 1081 3458 capitulorum
1099 3395 1129 3439 et
1147 3394 1320 3459 pactorum

92 3501 298 3579 provisorum
323 3516 354 3559 et
382 3499 591 3559 firmatorum
616 3499 650 3558 in
673 3497 846 3558 concordia
871 3518 925 3576 per
948 3497 1050 3557 dictas
1074 3513 1201 3576 partes,
1225 3512 1256 3557 et
1281 3496 1321 3556 ad

92 3616 283 3695 prestantlos
304 3616 494 3676 securitates
510 3630 539 3675 et
564 3616 604 3675 ad
629 3615 850 3694 recipiendum
877 3615 991 3674 taliam
1016 3614 1162 3673 militum
1186 3628 1216 3674 et
1242 3614 1323 3673 bali-

90 3733 271 3792 stariorum
302 3733 370 3812 ipso
404 3733 540 3791 domino
570 3731 754 3791 marchioni
787 3745 1026 3810 competentem
1058 3730 1095 3790 de
1125 3731 1185 3790 ·M
1210 3728 1324 3789 ·CC·

91 3849 177 3907 iuter
201 3848 321 3908 milites
344 3863 373 3908 et
399 3849 587 3908 balistarios
610 3869 625 3906 a
646 3847 788 3926 predicta
809 3848 961 3907 societate
985 3847 1209 3920 assoldandos;
1232 3859 1264 3909 et
1281 3847 1321 3907 ad

92 3964 366 4042 promittendum,
390 3964 592 4024 firmandum
623 3978 652 4023 et
683 3963 898 4040 obligandum
924 3984 1052 4042 queque
1076 3965 1139 4024 alin
1163 3964 1248 4023 dicte
1277 3983 1323 4023 so·

89 4079 200 4139 cietati
227 4081 349 4139 luerint
369 4097 546 4159 oportuna,
570 4080 705 4138 serratis
729 4081 832 4159 pactis
856 4081 1010 4159 predictis
1033 4095 1063 4139 et
1088 4081 1159 4139 aliis
1182 4080 1323 4140 utilibus

90 4195 172 4254 circa
197 4218 243 4256 ea.
331 4198 370 4255 lit
395 4195 552 4275 quicquid
577 4195 654 4254 dicti
680 4209 909 4274 procuratores
930 4214 987 4274 pru
1004 4196 1073 4274 ipso
1086 4195 1221 4254 domiuo
1237 4215 1325 4256 mar-

90 4310 206 4358 ritione
232 4312 366 4358 luserint
402 4311 611 4359 urtinticerint
636 4325 665 4358 et
691 4309 914 4358 oblinam-int
939 4331 1035 4358 <timer
1058 4311 1100 4358 eie
1138 4310 1245 4358 tlictrte
1267 4310 1325 4358 rin.
