2858 4792
108 491 163 548 144
406 490 576 530 autazlotu
600 490 659 530 faa
683 491 810 532 verton
836 492 854 530 E
878 493 1030 532 ΜᾸΧῘΟΥΑ

1178 595 1337 603 -Ἦ

185 702 278 781 [xx]
302 702 343 762 Et
364 726 381 762 e
401 714 516 760 contra
534 700 622 781 quod
645 702 770 761 arbiter
786 703 834 779 (α)
852 701 998 773 Mantue,
1020 702 1071 762 vel
1086 704 1140 762 cui
1157 703 1324 764 comiserit

104 834 135 881 et
161 839 246 879 unus
266 820 305 880 de
329 818 467 879 notariis
490 818 628 879 Mantue
650 817 690 878 ad
715 817 775 878 hoc
796 809 917 879 electus
940 838 995 899 per
1022 819 1187 880 arbitrum
1211 819 1336 897 predic·

105 952 189 1008 tum,
211 937 260 997 vel
283 937 336 996 cui
358 936 533 1007 comiserit,
553 935 694 998 debeant
715 950 801 998 stare
825 936 953 999 Verone
970 956 1044 998 cum
1065 936 1193 997 arbitro
1207 936 1253 1016 (b)
1277 937 1337 998 Ve-

105 1053 307 1123 ronensium,
321 1052 370 1113 vel
382 1071 420 1113 eo
431 1051 485 1112 cui
496 1052 671 1122 comiserit,
683 1072 758 1113 cum
775 1054 914 1115 notariis
928 1052 1171 1114 Veronensibus
1186 1052 1226 1113 ad
1242 1052 1334 1133 [hoc]

104 1170 270 1250 deputatis
291 1187 387 1248 super
410 1169 567 1248 pallaclio
588 1169 786 1250 Communis
809 1168 938 1230 Verone
960 1169 1068 1230 decem
1092 1168 1207 1230 diebus
1227 1171 1334 1230 omni·

106 1285 165 1344 bus
186 1284 315 1344 duobus
338 1284 513 1354 mensibus,
537 1283 689 1344 habendo
711 1285 835 1346 arbiter
859 1284 1075 1354 Mantuanus,
1092 1284 1142 1344 vel
1157 1283 1210 1344 cui
1232 1284 1336 1345 comi-

104 1399 192 1469 serit,
213 1414 244 1461 et
264 1419 350 1459 unus
373 1399 523 1459 notarius
538 1400 686 1471 Mantue,
701 1401 914 1491 ambaxatam
938 1421 954 1460 a
979 1398 1160 1461 Communi
1184 1400 1336 1470 Mantue,

105 1531 142 1577 ut
158 1516 214 1593 alii
238 1518 467 1577 ambaxatores
489 1516 652 1578 Comunis
682 1518 840 1588 Mantue,
869 1517 1008 1579 faciendi
1037 1531 1069 1578 et
1101 1516 1234 1578 redendi
1258 1517 1333 1577 iura

102 1632 237 1692 cuilibet
259 1645 290 1691 et
314 1632 517 1692 terminandi
539 1633 720 1693 secundum
746 1633 885 1694 sormam
907 1635 1178 1715 suprascriptam.

183 1748 292 1827 [XXl]
317 1748 396 1809 ltem
415 1749 538 1809 arbiter
562 1749 758 1809 Veronensis
774 1751 824 1810 vel
840 1751 893 1810 cui
915 1749 1091 1818 comiserit,
1114 1768 1170 1830 per
1186 1762 1250 1809 tres
1265 1748 1334 1809 dies

102 1878 280 1944 antequam
305 1863 417 1925 venire
449 1865 598 1925 debuerit
635 1865 821 1936 Mantuam,
844 1866 987 1946 predicta
1011 1866 1049 1925 de
1071 1884 1178 1934 causa,
1202 1864 1333 1944 publice

101 1979 221 2040 cridari
248 1979 346 2040 faciat
364 1999 419 2060 per
433 1982 602 2041 civitatem
627 1981 766 2051 Verone,
791 1983 879 2061 quod
895 2002 1008 2042 omnes
1030 2001 1163 2062 persone
1185 1981 1334 2041 volentes

101 2097 152 2155 ius
175 2111 282 2176 petere
304 2110 420 2157 contra
445 2097 589 2177 aliquem
607 2098 656 2157 vel
677 2097 807 2177 aliquos
822 2104 868 2170 (c)
885 2098 1033 2168 Mantue,
1048 2098 1163 2158 debeat
1179 2115 1253 2157 cum
1265 2095 1333 2156 suis

102 2211 273 2282 militibus,
298 2231 353 2292 per
374 2231 416 2282 se,
439 2213 489 2272 vel
514 2212 695 2292 legitimam
727 2231 909 2293 personam,
940 2213 1052 2273 venire
1076 2213 1262 2282 Mantuam,
1285 2213 1332 2272 ibi

100 2350 163 2390 esse
185 2329 225 2389 ad
250 2329 299 2388 ius
320 2349 416 2391 suum
442 2330 716 2409 prosequendum,
749 2329 801 2390 die
833 2330 888 2390 illa
914 2349 978 2409 qua
1007 2329 1187 2390 intenderit
1209 2348 1273 2389 esse
1296 2329 1332 2388 in

102 2447 254 2515 Mantua,
277 2460 312 2506 ut
336 2458 452 2506 notum
476 2446 517 2506 sit
540 2448 608 2506 eius
630 2447 701 2507 iter.

180 2562 306 2639 [xxlll
330 2564 372 2623 Et
388 2584 403 2623 e
422 2577 536 2623 contra
561 2563 685 2623 arbiter
710 2564 924 2632 Mantuanus,
943 2563 993 2623 vel
1009 2563 1061 2622 cui
1084 2561 1259 2632 comiserit,
1276 2581 1333 2642 per

100 2692 164 2739 tres
186 2680 252 2739 dies
274 2692 350 2740 ante
373 2699 473 2759 quam
498 2680 609 2740 venire
632 2679 781 2740 debuerit
807 2680 971 2739 Veronam
1002 2679 1147 2759 predicta
1171 2678 1209 2737 de
1232 2696 1329 2737 causa

101 2797 229 2875 publice
250 2796 371 2856 cridari
397 2797 493 2857 saciat
518 2816 572 2876 per
596 2797 765 2856 civitatem
791 2796 928 2855 Mantue
950 2796 1038 2874 quod
1061 2814 1174 2855 omnes
1193 2812 1327 2874 persone

100 2912 244 2972 volentes
267 2913 316 2972 ius
339 2927 445 2992 petere
468 2927 582 2973 contra
608 2913 750 2990 aliquem
766 2912 815 2971 vel
833 2911 960 2990 aliquos
985 2910 1193 2980 Veronenses,
1211 2910 1329 2970 debeat

98 3048 172 3088 cum
197 3030 262 3088 suis
284 3029 419 3099 viribus,
433 3048 487 3108 per
500 3051 530 3090 se
544 3030 592 3089 vel
611 3029 792 3108 legitimam
813 3047 996 3107 personam,
1015 3027 1126 3087 venire
1150 3026 1329 3098 Veronam,

101 3160 131 3205 et
150 3145 193 3204 ibi
210 3166 273 3206 esse
292 3147 331 3205 ad
350 3146 398 3204 ius
414 3167 509 3207 suum
535 3146 810 3227 prosequendum,
826 3146 877 3206 die
900 3145 956 3204 illa
980 3164 1045 3224 qua
1070 3143 1249 3204 intenderit
1266 3163 1331 3203 esse

100 3263 132 3321 in
159 3262 298 3333 Verona,
322 3278 357 3323 ut
384 3278 499 3323 uotum
523 3265 562 3323 sit
586 3265 654 3323 eius
677 3264 746 3323 iter.

180 3378 323 3456 lllell]
350 3377 429 3438 ltem
455 3379 569 3437 modus
591 3394 622 3438 et
646 3379 726 3437 ordo
748 3392 896 3437 serretur
914 3377 946 3436 in
963 3376 1116 3436 omnibus
1139 3390 1169 3434 et
1192 3374 1334 3454 singulis

99 3507 135 3552 ut
159 3494 386 3572 supradictum
411 3509 467 3564 est,
490 3494 547 3553 etsi
571 3495 698 3573 questio
721 3493 831 3572 aliqua
856 3495 1001 3553 oriretur
1033 3493 1118 3552 inter
1142 3491 1332 3551 Commune

100 3608 237 3668 Mantue
260 3622 291 3668 ct
315 3609 501 3668 Commune
526 3608 663 3678 Verone,
697 3610 745 3668 vel
780 3609 866 3668 inter
887 3609 1069 3687 singulares
1090 3624 1241 3686 personas
1264 3604 1332 3664 dic-

99 3738 208 3784 tarum
234 3724 419 3784 Civitatuni
444 3740 475 3786 et
500 3727 626 3805 aliquos
649 3726 686 3785 de
709 3726 803 3785 dictis
826 3724 1080 3784 Communibus.

181 3841 322 3919 lXXlVl
351 3842 429 3902 ltern
456 3842 570 3901 modus
592 3855 738 3902 serretur·
762 3842 800 3900 de
823 3841 955 3900 decimis
973 3854 1002 3899 et
1019 3838 1241 3899 ecclesiasticis
1260 3856 1331 3917 per-

97 3957 193 4026 sonis,
215 3958 239 4016 si
263 3959 322 4017 sub
345 3958 439 4017 dictis
462 3960 595 4018 arbitris
620 3959 747 4038 litigare
772 3959 947 4017 voluerint.

185 4216 240 4276 l)ic
266 4217 347 4277 ioris
369 4239 375 4250 ·
395 4217 495 4275 Xlll·
525 4232 664 4276 exeunte
688 4225 732 4291 (c)
756 4217 948 4277 novembrio
982 4216 1160 4275 relormata
1193 4214 1332 4276 luerunt

101 4333 245 4412 predicta
282 4334 312 4392 in
347 4334 495 4393 Consilio
519 4336 661 4409 perier-ali
697 4335 893 4392 Communis
917 4333 1063 4401 Mantue,
1099 4332 1131 4390 in
1157 4330 1336 4391 Millesinto
