<?xml version="1.0" encoding="UTF-8"?>
<!DOCTYPE html PUBLIC "-//W3C//DTD XHTML 1.0 Transitional//EN"
    "http://www.w3.org/TR/xhtml1/DTD/xhtml1-transitional.dtd">
<html xmlns="http://www.w3.org/1999/xhtml" xml:lang="en" lang="en">
 <head>
  <title>
</title>
<meta http-equiv="Content-Type" content="text/html;charset=utf-8" />
  <meta name='ocr-system' content='tesseract 3.04.00' />
  <meta name='ocr-capabilities' content='ocr_page ocr_carea ocr_par ocr_line ocrx_word'/>
</head>
<body>
  <div class='ocr_page' id='page_1' title='image "./documentiperlas00cipogoog/documentiperlas00cipogoog_0321.png"; bbox 0 0 2874 4748; ppageno 0'>
   <div class='ocr_carea' id='block_1_1' title="bbox 626 433 918 494">
    <p class='ocr_par' dir='ltr' id='par_1_1' title="bbox 626 433 918 494">
     <span class='ocr_line' id='line_1_1' title="bbox 626 433 918 494; baseline 0 -20"><span class='ocrx_word' id='word_1_1' title='bbox 626 433 696 475; x_wconf 85' lang='lat' dir='ltr'>DOC.</span> <span class='ocrx_word' id='word_1_2' title='bbox 720 433 793 474; x_wconf 78' lang='lat' dir='ltr'>Lxlv</span> <span class='ocrx_word' id='word_1_3' title='bbox 808 434 815 474; x_wconf 88' lang='lat'>:</span> <span class='ocrx_word' id='word_1_4' title='bbox 844 433 918 494; x_wconf 71' lang='grc'>1299</span> 
     </span>
    </p>
   </div>
   <div class='ocr_carea' id='block_1_2' title="bbox 145 633 1334 1418">
    <p class='ocr_par' dir='ltr' id='par_1_2' title="bbox 145 633 1334 1418">
     <span class='ocr_line' id='line_1_2' title="bbox 230 633 1334 718; baseline 0.003 -24"><span class='ocrx_word' id='word_1_5' title='bbox 230 633 385 707; x_wconf 83' lang='lat' dir='ltr'>Qualiter</span> <span class='ocrx_word' id='word_1_6' title='bbox 401 633 460 715; x_wconf 89' lang='lat' dir='ltr'>ipsi</span> <span class='ocrx_word' id='word_1_7' title='bbox 477 634 606 696; x_wconf 92' lang='lat' dir='ltr'>domini</span> <span class='ocrx_word' id='word_1_8' title='bbox 624 635 802 698; x_wconf 87' lang='lat' dir='ltr'>Mantuani</span> <span class='ocrx_word' id='word_1_9' title='bbox 817 636 925 718; x_wconf 82' lang='lat' dir='ltr'>&#39;nuper</span> <span class='ocrx_word' id='word_1_10' title='bbox 941 635 1030 698; x_wconf 86' lang='lat' dir='ltr'>dicto</span> <span class='ocrx_word' id='word_1_11' title='bbox 1045 634 1181 699; x_wconf 92' lang='lat' dir='ltr'>domino</span> <span class='ocrx_word' id='word_1_12' title='bbox 1200 636 1334 700; x_wconf 65' lang='lat' dir='ltr'>Verone,</span> 
     </span>
     <span class='ocr_line' id='line_1_3' title="bbox 147 750 1306 834; baseline 0.003 -24"><span class='ocrx_word' id='word_1_13' title='bbox 147 750 349 832; x_wconf 86' lang='lat' dir='ltr'>scripserunt</span> <span class='ocrx_word' id='word_1_14' title='bbox 374 750 594 822; x_wconf 82' lang='lat' dir='ltr'>familiariter,</span> <span class='ocrx_word' id='word_1_15' title='bbox 625 768 797 834; x_wconf 84' lang='lat' dir='ltr'>tamquam</span> <span class='ocrx_word' id='word_1_16' title='bbox 821 752 920 834; x_wconf 90' lang='lat' dir='ltr'>patri,</span> <span class='ocrx_word' id='word_1_17' title='bbox 943 752 1049 814; x_wconf 86' lang='lat' dir='ltr'>amico</span> <span class='ocrx_word' id='word_1_18' title='bbox 1070 767 1101 814; x_wconf 95' lang='lat' dir='ltr'>et</span> <span class='ocrx_word' id='word_1_19' title='bbox 1124 753 1221 825; x_wconf 89' lang='lat' dir='ltr'>socio,</span> <span class='ocrx_word' id='word_1_20' title='bbox 1246 773 1306 833; x_wconf 83' lang='lat' dir='ltr'>qua</span> 
     </span>
     <span class='ocr_line' id='line_1_4' title="bbox 147 839 1328 950; baseline 0.006 -25"><span class='ocrx_word' id='word_1_21' title='bbox 147 867 269 928; x_wconf 85' lang='lat' dir='ltr'>seilicet</span> <span class='ocrx_word' id='word_1_22' title='bbox 284 886 358 928; x_wconf 92' lang='lat' dir='ltr'>eum</span> <span class='ocrx_word' id='word_1_23' title='bbox 377 866 580 940; x_wconf 88' lang='lat' dir='ltr'>habuerunt,</span> <span class='ocrx_word' id='word_1_24' title='bbox 603 839 768 949; x_wconf 70' lang='lat' dir='ltr'>habesn]t,</span> <span class='ocrx_word' id='word_1_25' title='bbox 784 883 815 931; x_wconf 90' lang='lat' dir='ltr'>et</span> <span class='ocrx_word' id='word_1_26' title='bbox 832 869 962 950; x_wconf 88' lang='lat' dir='ltr'>expedit</span> <span class='ocrx_word' id='word_1_27' title='bbox 977 869 1021 929; x_wconf 89' lang='lat' dir='ltr'>sic</span> <span class='ocrx_word' id='word_1_28' title='bbox 1038 869 1168 941; x_wconf 89' lang='lat' dir='ltr'>habere,</span> <span class='ocrx_word' id='word_1_29' title='bbox 1192 859 1328 932; x_wconf 77' lang='lat' dir='ltr'>&#39;novitat</span> 
     </span>
     <span class='ocr_line' id='line_1_5' title="bbox 146 983 1326 1069; baseline 0.003 -24"><span class='ocrx_word' id='word_1_30' title='bbox 146 983 317 1066; x_wconf 89' lang='lat' dir='ltr'>quandam</span> <span class='ocrx_word' id='word_1_31' title='bbox 339 999 508 1048; x_wconf 86' lang='lat' dir='ltr'>structure</span> <span class='ocrx_word' id='word_1_32' title='bbox 529 987 722 1068; x_wconf 85' lang='lat' dir='ltr'>lignaminis</span> <span class='ocrx_word' id='word_1_33' title='bbox 752 1003 852 1069; x_wconf 85' lang='lat' dir='ltr'>prope</span> <span class='ocrx_word' id='word_1_34' title='bbox 885 987 1063 1049; x_wconf 85' lang='lat' dir='ltr'>Hostiliam</span> <span class='ocrx_word' id='word_1_35' title='bbox 1092 988 1238 1050; x_wconf 57' lang='lat' dir='ltr'>factam&lt;</span> <span class='ocrx_word' id='word_1_36' title='bbox 1322 1009 1326 1069; x_wconf 64' lang='lat' dir='ltr'>q</span> 
     </span>
     <span class='ocr_line' id='line_1_6' title="bbox 148 1101 1251 1185; baseline 0.003 -24"><span class='ocrx_word' id='word_1_37' title='bbox 148 1101 299 1164; x_wconf 88' lang='lat' dir='ltr'>homines</span> <span class='ocrx_word' id='word_1_38' title='bbox 320 1102 420 1184; x_wconf 90' lang='lat' dir='ltr'>ipsius</span> <span class='ocrx_word' id='word_1_39' title='bbox 441 1102 568 1164; x_wconf 92' lang='lat' dir='ltr'>domini</span> <span class='ocrx_word' id='word_1_40' title='bbox 593 1105 722 1166; x_wconf 82' lang='lat' dir='ltr'>Alberti</span> <span class='ocrx_word' id='word_1_41' title='bbox 741 1104 775 1164; x_wconf 90' lang='lat' dir='ltr'>in</span> <span class='ocrx_word' id='word_1_42' title='bbox 791 1103 895 1165; x_wconf 89' lang='lat' dir='ltr'>fluvio</span> <span class='ocrx_word' id='word_1_43' title='bbox 918 1104 1011 1174; x_wconf 87' lang='lat' dir='ltr'>Padi,</span> <span class='ocrx_word' id='word_1_44' title='bbox 1033 1105 1089 1185; x_wconf 91' lang='lat' dir='ltr'>qui</span> <span class='ocrx_word' id='word_1_45' title='bbox 1114 1103 1251 1166; x_wconf 83' lang='lat' dir='ltr'>manifes</span> 
     </span>
     <span class='ocr_line' id='line_1_7' title="bbox 149 1217 1238 1302; baseline 0 -22"><span class='ocrx_word' id='word_1_46' title='bbox 149 1219 301 1280; x_wconf 86' lang='lat' dir='ltr'>Dominis</span> <span class='ocrx_word' id='word_1_47' title='bbox 322 1233 353 1281; x_wconf 91' lang='lat' dir='ltr'>et</span> <span class='ocrx_word' id='word_1_48' title='bbox 377 1217 522 1280; x_wconf 86' lang='lat' dir='ltr'>Comani</span> <span class='ocrx_word' id='word_1_49' title='bbox 547 1220 685 1282; x_wconf 87' lang='lat' dir='ltr'>Mantue</span> <span class='ocrx_word' id='word_1_50' title='bbox 706 1234 831 1302; x_wconf 87' lang='lat' dir='ltr'>spectat</span> <span class='ocrx_word' id='word_1_51' title='bbox 860 1232 892 1282; x_wconf 90' lang='lat' dir='ltr'>et</span> <span class='ocrx_word' id='word_1_52' title='bbox 915 1220 1058 1301; x_wconf 87' lang='lat' dir='ltr'>pertinet</span> <span class='ocrx_word' id='word_1_53' title='bbox 1082 1220 1115 1280; x_wconf 91' lang='lat' dir='ltr'>in</span> <span class='ocrx_word' id='word_1_54' title='bbox 1139 1220 1158 1280; x_wconf 88' lang='lat' dir='ltr'>ii</span> <span class='ocrx_word' id='word_1_55' title='bbox 1229 1221 1238 1280; x_wconf 95' lang='lat' dir='ltr'>i</span> 
     </span>
     <span class='ocr_line' id='line_1_8' title="bbox 145 1336 1214 1418; baseline 0.001 -20"><span class='ocrx_word' id='word_1_56' title='bbox 145 1352 179 1398; x_wconf 89' lang='lat' dir='ltr'>et</span> <span class='ocrx_word' id='word_1_57' title='bbox 196 1350 243 1398; x_wconf 90' lang='lat' dir='ltr'>est</span> <span class='ocrx_word' id='word_1_58' title='bbox 258 1336 296 1398; x_wconf 92' lang='lat' dir='ltr'>de</span> <span class='ocrx_word' id='word_1_59' title='bbox 319 1337 391 1399; x_wconf 91' lang='lat' dir='ltr'>iure</span> <span class='ocrx_word' id='word_1_60' title='bbox 414 1337 561 1418; x_wconf 90' lang='lat' dir='ltr'>ipsorum</span> <span class='ocrx_word' id='word_1_61' title='bbox 585 1337 807 1399; x_wconf 89' lang='lat' dir='ltr'>Dominorum</span> <span class='ocrx_word' id='word_1_62' title='bbox 831 1352 861 1399; x_wconf 93' lang='lat' dir='ltr'>et</span> <span class='ocrx_word' id='word_1_63' title='bbox 885 1337 1046 1399; x_wconf 88' lang='lat' dir='ltr'>Comunis</span> <span class='ocrx_word' id='word_1_64' title='bbox 1066 1339 1214 1409; x_wconf 89' lang='lat' dir='ltr'>Mantue,</span> 
     </span>
    </p>
   </div>
   <div class='ocr_carea' id='block_1_3' title="bbox 147 1452 1218 1535">
    <p class='ocr_par' dir='ltr' id='par_1_3' title="bbox 147 1452 1218 1535">
     <span class='ocr_line' id='line_1_9' title="bbox 147 1452 1218 1535; baseline 0.003 -25"><span class='ocrx_word' id='word_1_65' title='bbox 147 1466 270 1514; x_wconf 90' lang='lat' dir='ltr'>verunt</span> <span class='ocrx_word' id='word_1_66' title='bbox 294 1453 434 1515; x_wconf 89' lang='lat' dir='ltr'>eundem</span> <span class='ocrx_word' id='word_1_67' title='bbox 450 1452 624 1515; x_wconf 90' lang='lat' dir='ltr'>dominum</span> <span class='ocrx_word' id='word_1_68' title='bbox 641 1454 816 1515; x_wconf 73' lang='lat' dir='ltr'>Albertum</span> <span class='ocrx_word' id='word_1_69' title='bbox 833 1470 930 1535; x_wconf 91' lang='lat' dir='ltr'>super</span> <span class='ocrx_word' id='word_1_70' title='bbox 952 1472 989 1514; x_wconf 91' lang='lat' dir='ltr'>eo</span> <span class='ocrx_word' id='word_1_71' title='bbox 1012 1471 1218 1535; x_wconf 85' lang='lat' dir='ltr'>quecumque</span> 
     </span>
    </p>
   </div>
   <div class='ocr_carea' id='block_1_4' title="bbox 62 1553 1262 4092">
    <p class='ocr_par' dir='ltr' id='par_1_4' title="bbox 62 1553 1262 4092">
     <span class='ocr_line' id='line_1_10' title="bbox 62 1553 1169 1650; baseline 0 -22"><span class='ocrx_word' id='word_1_72' title='bbox 62 1565 64 1568; x_wconf 76' lang='grc'><strong>’</strong></span> <span class='ocrx_word' id='word_1_73' title='bbox 147 1582 229 1630; x_wconf 91' lang='lat' dir='ltr'>runt</span> <span class='ocrx_word' id='word_1_74' title='bbox 251 1567 319 1630; x_wconf 89' lang='lat' dir='ltr'>eius</span> <span class='ocrx_word' id='word_1_75' title='bbox 342 1568 461 1630; x_wconf 89' lang='lat' dir='ltr'>honori</span> <span class='ocrx_word' id='word_1_76' title='bbox 484 1583 516 1632; x_wconf 92' lang='lat' dir='ltr'>et</span> <span class='ocrx_word' id='word_1_77' title='bbox 538 1553 772 1631; x_wconf 78' lang='lat' dir='ltr'>communibus</span> <span class='ocrx_word' id='word_1_78' title='bbox 794 1569 974 1631; x_wconf 89' lang='lat' dir='ltr'>commodis</span> <span class='ocrx_word' id='word_1_79' title='bbox 997 1568 1169 1650; x_wconf 89' lang='lat' dir='ltr'>pertinere.</span> 
     </span>
     <span class='ocr_line' id='line_1_11' title="bbox 230 1683 1221 1765; baseline -0.001 -20"><span class='ocrx_word' id='word_1_80' title='bbox 230 1683 282 1745; x_wconf 82' lang='lat' dir='ltr'>Ad</span> <span class='ocrx_word' id='word_1_81' title='bbox 303 1703 366 1765; x_wconf 90' lang='lat' dir='ltr'>que</span> <span class='ocrx_word' id='word_1_82' title='bbox 388 1685 494 1746; x_wconf 89' lang='lat' dir='ltr'>dictus</span> <span class='ocrx_word' id='word_1_83' title='bbox 509 1685 664 1746; x_wconf 89' lang='lat' dir='ltr'>dominus</span> <span class='ocrx_word' id='word_1_84' title='bbox 681 1685 838 1746; x_wconf 70' lang='lat' dir='ltr'>ulbertus</span> <span class='ocrx_word' id='word_1_85' title='bbox 852 1685 1001 1746; x_wconf 71' lang='lat' dir='ltr'>satisfaire</span> <span class='ocrx_word' id='word_1_86' title='bbox 1016 1683 1153 1754; x_wconf 86' lang='lat' dir='ltr'>destitit,</span> <span class='ocrx_word' id='word_1_87' title='bbox 1168 1684 1221 1745; x_wconf 88' lang='lat' dir='ltr'>sed</span> 
     </span>
     <span class='ocr_line' id='line_1_12' title="bbox 146 1799 1241 1882; baseline -0.001 -21"><span class='ocrx_word' id='word_1_88' title='bbox 146 1801 190 1863; x_wconf 89' lang='lat' dir='ltr'>sit</span> <span class='ocrx_word' id='word_1_89' title='bbox 210 1804 295 1862; x_wconf 90' lang='lat' dir='ltr'>inter</span> <span class='ocrx_word' id='word_1_90' title='bbox 318 1801 393 1872; x_wconf 87' lang='lat' dir='ltr'>alia,</span> <span class='ocrx_word' id='word_1_91' title='bbox 416 1801 448 1862; x_wconf 94' lang='lat' dir='ltr'>id</span> <span class='ocrx_word' id='word_1_92' title='bbox 470 1803 680 1882; x_wconf 84' lang='lat' dir='ltr'>permissione</span> <span class='ocrx_word' id='word_1_93' title='bbox 703 1799 785 1861; x_wconf 91' lang='lat' dir='ltr'>iuris</span> <span class='ocrx_word' id='word_1_94' title='bbox 806 1814 837 1862; x_wconf 89' lang='lat' dir='ltr'>et</span> <span class='ocrx_word' id='word_1_95' title='bbox 861 1799 1006 1881; x_wconf 80' lang='lat' dir='ltr'>legitime</span> <span class='ocrx_word' id='word_1_96' title='bbox 1030 1800 1154 1860; x_wconf 86' lang='lat' dir='ltr'>factum</span> <span class='ocrx_word' id='word_1_97' title='bbox 1178 1819 1241 1860; x_wconf 79' lang='lat' dir='ltr'>esse</span> 
     </span>
     <span class='ocr_line' id='line_1_13' title="bbox 231 1914 1154 1991; baseline -0.001 -13"><span class='ocrx_word' id='word_1_98' title='bbox 231 1917 394 1991; x_wconf 83' lang='lat' dir='ltr'>Quocirca</span> <span class='ocrx_word' id='word_1_99' title='bbox 417 1916 496 1978; x_wconf 89' lang='lat' dir='ltr'>dicti</span> <span class='ocrx_word' id='word_1_100' title='bbox 520 1915 659 1978; x_wconf 88' lang='lat' dir='ltr'>Domini</span> <span class='ocrx_word' id='word_1_101' title='bbox 686 1915 865 1977; x_wconf 82' lang='lat' dir='ltr'>Mantuani</span> <span class='ocrx_word' id='word_1_102' title='bbox 888 1914 1154 1977; x_wconf 85' lang='lat' dir='ltr'>animadvertent</span> 
     </span>
     <span class='ocr_line' id='line_1_14' title="bbox 145 2030 1245 2113; baseline -0.004 -18"><span class='ocrx_word' id='word_1_103' title='bbox 145 2047 180 2095; x_wconf 90' lang='lat' dir='ltr'>et</span> <span class='ocrx_word' id='word_1_104' title='bbox 204 2032 364 2095; x_wconf 89' lang='lat' dir='ltr'>Comunis</span> <span class='ocrx_word' id='word_1_105' title='bbox 387 2034 525 2094; x_wconf 89' lang='lat' dir='ltr'>Mantue</span> <span class='ocrx_word' id='word_1_106' title='bbox 547 2031 721 2113; x_wconf 91' lang='lat' dir='ltr'>inopinato</span> <span class='ocrx_word' id='word_1_107' title='bbox 743 2045 774 2093; x_wconf 92' lang='lat' dir='ltr'>et</span> <span class='ocrx_word' id='word_1_108' title='bbox 798 2031 943 2092; x_wconf 84' lang='lat' dir='ltr'>indebite</span> <span class='ocrx_word' id='word_1_109' title='bbox 965 2030 1130 2111; x_wconf 85' lang='lat' dir='ltr'>occupari,</span> <span class='ocrx_word' id='word_1_110' title='bbox 1158 2031 1245 2091; x_wconf 84' lang='lat' dir='ltr'>maxi</span> 
     </span>
     <span class='ocr_line' id='line_1_15' title="bbox 146 2147 1262 2229; baseline -0.002 -19"><span class='ocrx_word' id='word_1_111' title='bbox 146 2150 245 2210; x_wconf 90' lang='lat' dir='ltr'>illum</span> <span class='ocrx_word' id='word_1_112' title='bbox 261 2149 318 2229; x_wconf 91' lang='lat' dir='ltr'>qui</span> <span class='ocrx_word' id='word_1_113' title='bbox 335 2150 567 2210; x_wconf 88' lang='lat' dir='ltr'>universorum</span> <span class='ocrx_word' id='word_1_114' title='bbox 584 2148 742 2228; x_wconf 89' lang='lat' dir='ltr'>opinione</span> <span class='ocrx_word' id='word_1_115' title='bbox 764 2147 894 2208; x_wconf 84' lang='lat' dir='ltr'>deberet</span> <span class='ocrx_word' id='word_1_116' title='bbox 911 2162 943 2207; x_wconf 88' lang='lat' dir='ltr'>et</span> <span class='ocrx_word' id='word_1_117' title='bbox 960 2148 1055 2207; x_wconf 84' lang='lat' dir='ltr'>debet</span> <span class='ocrx_word' id='word_1_118' title='bbox 1079 2147 1112 2207; x_wconf 91' lang='lat' dir='ltr'>in</span> <span class='ocrx_word' id='word_1_119' title='bbox 1136 2167 1262 2208; x_wconf 82' lang='lat' dir='ltr'>omnen</span> 
     </span>
     <span class='ocr_line' id='line_1_16' title="bbox 147 2263 1226 2335; baseline -0.001 -9"><span class='ocrx_word' id='word_1_120' title='bbox 147 2278 223 2326; x_wconf 93' lang='lat' dir='ltr'>tum</span> <span class='ocrx_word' id='word_1_121' title='bbox 244 2283 358 2326; x_wconf 90' lang='lat' dir='ltr'>eorum</span> <span class='ocrx_word' id='word_1_122' title='bbox 383 2263 531 2335; x_wconf 87' lang='lat' dir='ltr'>honores,</span> <span class='ocrx_word' id='word_1_123' title='bbox 554 2264 627 2325; x_wconf 89' lang='lat' dir='ltr'>iura</span> <span class='ocrx_word' id='word_1_124' title='bbox 657 2278 688 2324; x_wconf 90' lang='lat' dir='ltr'>et</span> <span class='ocrx_word' id='word_1_125' title='bbox 721 2264 893 2324; x_wconf 87' lang='lat' dir='ltr'>commoda</span> <span class='ocrx_word' id='word_1_126' title='bbox 923 2282 1126 2332; x_wconf 80' lang='lat' dir='ltr'>conservare,</span> <span class='ocrx_word' id='word_1_127' title='bbox 1155 2264 1226 2325; x_wconf 90' lang='lat' dir='ltr'>dese</span> 
     </span>
     <span class='ocr_line' id='line_1_17' title="bbox 146 2380 1214 2463; baseline -0.004 -20"><span class='ocrx_word' id='word_1_128' title='bbox 146 2401 279 2463; x_wconf 88' lang='lat' dir='ltr'>augere,</span> <span class='ocrx_word' id='word_1_129' title='bbox 301 2382 483 2443; x_wconf 87' lang='lat' dir='ltr'>turbantur</span> <span class='ocrx_word' id='word_1_130' title='bbox 499 2395 531 2443; x_wconf 88' lang='lat' dir='ltr'>et</span> <span class='ocrx_word' id='word_1_131' title='bbox 549 2383 581 2442; x_wconf 93' lang='lat' dir='ltr'>in</span> <span class='ocrx_word' id='word_1_132' title='bbox 606 2382 713 2442; x_wconf 91' lang='lat' dir='ltr'>medio</span> <span class='ocrx_word' id='word_1_133' title='bbox 737 2383 842 2442; x_wconf 85' lang='lat' dir='ltr'>cordis</span> <span class='ocrx_word' id='word_1_134' title='bbox 864 2381 988 2453; x_wconf 87' lang='lat' dir='ltr'>dolent,</span> <span class='ocrx_word' id='word_1_135' title='bbox 1011 2380 1148 2462; x_wconf 90' lang='lat' dir='ltr'>utquid</span> <span class='ocrx_word' id='word_1_136' title='bbox 1171 2382 1214 2440; x_wconf 87' lang='lat' dir='ltr'>eis</span> 
     </span>
     <span class='ocr_line' id='line_1_18' title="bbox 146 2497 1154 2570; baseline -0.003 -10"><span class='ocrx_word' id='word_1_137' title='bbox 146 2498 268 2570; x_wconf 87' lang='lat' dir='ltr'>rentia,</span> <span class='ocrx_word' id='word_1_138' title='bbox 297 2498 446 2560; x_wconf 85' lang='lat' dir='ltr'>amicicia</span> <span class='ocrx_word' id='word_1_139' title='bbox 468 2512 499 2559; x_wconf 92' lang='lat' dir='ltr'>et</span> <span class='ocrx_word' id='word_1_140' title='bbox 521 2499 676 2559; x_wconf 87' lang='lat' dir='ltr'>societate</span> <span class='ocrx_word' id='word_1_141' title='bbox 708 2497 788 2559; x_wconf 88' lang='lat' dir='ltr'>dicti</span> <span class='ocrx_word' id='word_1_142' title='bbox 813 2498 948 2559; x_wconf 91' lang='lat' dir='ltr'>Domini</span> <span class='ocrx_word' id='word_1_143' title='bbox 971 2497 1124 2558; x_wconf 86' lang='lat' dir='ltr'>studiosis</span> <span class='ocrx_word' id='word_1_144' title='bbox 1153 2530 1154 2550; x_wconf 58' lang='lat' dir='ltr'>i</span> 
     </span>
     <span class='ocr_line' id='line_1_19' title="bbox 146 2615 454 2696; baseline -0.01 -20"><span class='ocrx_word' id='word_1_145' title='bbox 146 2615 229 2676; x_wconf 88' lang='lat' dir='ltr'>talia</span> <span class='ocrx_word' id='word_1_146' title='bbox 251 2615 454 2696; x_wconf 84' lang='lat' dir='ltr'>irrogantur.</span> 
     </span>
     <span class='ocr_line' id='line_1_20' title="bbox 230 2730 1114 2810; baseline -0.002 -18"><span class='ocrx_word' id='word_1_147' title='bbox 230 2731 272 2792; x_wconf 91' lang='lat' dir='ltr'>Et</span> <span class='ocrx_word' id='word_1_148' title='bbox 295 2731 367 2793; x_wconf 91' lang='lat' dir='ltr'>ideo</span> <span class='ocrx_word' id='word_1_149' title='bbox 389 2730 551 2791; x_wconf 84' lang='lat' dir='ltr'>instanter</span> <span class='ocrx_word' id='word_1_150' title='bbox 577 2731 752 2810; x_wconf 88' lang='lat' dir='ltr'>requirunt</span> <span class='ocrx_word' id='word_1_151' title='bbox 782 2745 812 2790; x_wconf 89' lang='lat' dir='ltr'>et</span> <span class='ocrx_word' id='word_1_152' title='bbox 842 2745 959 2809; x_wconf 74' lang='lat' dir='ltr'>rogant</span> <span class='ocrx_word' id='word_1_153' title='bbox 988 2730 1114 2790; x_wconf 86' lang='lat' dir='ltr'>dictum</span> 
     </span>
     <span class='ocr_line' id='line_1_21' title="bbox 146 2847 1176 2928; baseline -0.003 -20"><span class='ocrx_word' id='word_1_154' title='bbox 146 2848 178 2908; x_wconf 93' lang='lat' dir='ltr'>la</span> <span class='ocrx_word' id='word_1_155' title='bbox 203 2847 306 2918; x_wconf 88' lang='lat' dir='ltr'>Scala,</span> <span class='ocrx_word' id='word_1_156' title='bbox 320 2861 480 2928; x_wconf 89' lang='lat' dir='ltr'>tanquam</span> <span class='ocrx_word' id='word_1_157' title='bbox 500 2861 638 2926; x_wconf 90' lang='lat' dir='ltr'>patrem,</span> <span class='ocrx_word' id='word_1_158' title='bbox 660 2848 804 2908; x_wconf 87' lang='lat' dir='ltr'>amicum</span> <span class='ocrx_word' id='word_1_159' title='bbox 818 2861 848 2907; x_wconf 92' lang='lat' dir='ltr'>et</span> <span class='ocrx_word' id='word_1_160' title='bbox 861 2848 996 2917; x_wconf 88' lang='lat' dir='ltr'>socium,</span> <span class='ocrx_word' id='word_1_161' title='bbox 1011 2861 1176 2926; x_wconf 88' lang='lat' dir='ltr'>quatenus</span> 
     </span>
     <span class='ocr_line' id='line_1_22' title="bbox 144 2961 1167 3044; baseline -0.001 -21"><span class='ocrx_word' id='word_1_162' title='bbox 144 2963 242 3024; x_wconf 92' lang='lat' dir='ltr'>solite</span> <span class='ocrx_word' id='word_1_163' title='bbox 262 2962 410 3024; x_wconf 88' lang='lat' dir='ltr'>caritatis</span> <span class='ocrx_word' id='word_1_164' title='bbox 434 2963 569 3044; x_wconf 76' lang='lat' dir='ltr'>vestigio</span> <span class='ocrx_word' id='word_1_165' title='bbox 595 2982 659 3022; x_wconf 91' lang='lat' dir='ltr'>non</span> <span class='ocrx_word' id='word_1_166' title='bbox 677 2964 793 3032; x_wconf 81' lang='lat' dir='ltr'>abesse,</span> <span class='ocrx_word' id='word_1_167' title='bbox 815 2978 846 3023; x_wconf 89' lang='lat' dir='ltr'>et</span> <span class='ocrx_word' id='word_1_168' title='bbox 871 2963 1053 3022; x_wconf 89' lang='lat' dir='ltr'>novitatem</span> <span class='ocrx_word' id='word_1_169' title='bbox 1078 2961 1167 3041; x_wconf 91' lang='lat' dir='ltr'>predi</span> 
     </span>
     <span class='ocr_line' id='line_1_23' title="bbox 144 3078 1185 3160; baseline -0.003 -20"><span class='ocrx_word' id='word_1_170' title='bbox 144 3081 218 3141; x_wconf 91' lang='lat' dir='ltr'>iure</span> <span class='ocrx_word' id='word_1_171' title='bbox 240 3079 386 3160; x_wconf 90' lang='lat' dir='ltr'>ipsorum</span> <span class='ocrx_word' id='word_1_172' title='bbox 411 3078 633 3139; x_wconf 89' lang='lat' dir='ltr'>Dominorum</span> <span class='ocrx_word' id='word_1_173' title='bbox 656 3092 688 3139; x_wconf 92' lang='lat' dir='ltr'>et</span> <span class='ocrx_word' id='word_1_174' title='bbox 712 3078 875 3138; x_wconf 90' lang='lat' dir='ltr'>Comunis</span> <span class='ocrx_word' id='word_1_175' title='bbox 906 3079 1044 3138; x_wconf 87' lang='lat' dir='ltr'>Mantue</span> <span class='ocrx_word' id='word_1_176' title='bbox 1068 3078 1185 3137; x_wconf 69' lang='lat' dir='ltr'>iactam</span> 
     </span>
     <span class='ocr_line' id='line_1_24' title="bbox 144 3196 1075 3276; baseline -0.002 -18"><span class='ocrx_word' id='word_1_177' title='bbox 144 3197 290 3259; x_wconf 86' lang='lat' dir='ltr'>maxime</span> <span class='ocrx_word' id='word_1_178' title='bbox 311 3196 404 3258; x_wconf 92' lang='lat' dir='ltr'>illam</span> <span class='ocrx_word' id='word_1_179' title='bbox 426 3215 490 3276; x_wconf 92' lang='lat' dir='ltr'>que</span> <span class='ocrx_word' id='word_1_180' title='bbox 511 3196 753 3256; x_wconf 83' lang='lat' dir='ltr'>conservationi</span> <span class='ocrx_word' id='word_1_181' title='bbox 772 3199 840 3276; x_wconf 83' lang='lat' dir='ltr'>ripe</span> <span class='ocrx_word' id='word_1_182' title='bbox 857 3215 922 3256; x_wconf 90' lang='lat' dir='ltr'>non</span> <span class='ocrx_word' id='word_1_183' title='bbox 943 3197 1075 3265; x_wconf 86' lang='lat' dir='ltr'>attinet,</span> 
     </span>
     <span class='ocr_line' id='line_1_25' title="bbox 144 3310 1079 3394; baseline -0.005 -19"><span class='ocrx_word' id='word_1_184' title='bbox 144 3329 177 3375; x_wconf 91' lang='lat' dir='ltr'>et</span> <span class='ocrx_word' id='word_1_185' title='bbox 202 3313 285 3382; x_wconf 92' lang='lat' dir='ltr'>tolli,</span> <span class='ocrx_word' id='word_1_186' title='bbox 309 3331 365 3373; x_wconf 90' lang='lat' dir='ltr'>nec</span> <span class='ocrx_word' id='word_1_187' title='bbox 387 3312 536 3394; x_wconf 88' lang='lat' dir='ltr'>deinceps</span> <span class='ocrx_word' id='word_1_188' title='bbox 569 3312 601 3372; x_wconf 93' lang='lat' dir='ltr'>in</span> <span class='ocrx_word' id='word_1_189' title='bbox 630 3310 718 3372; x_wconf 86' lang='lat' dir='ltr'>dicto</span> <span class='ocrx_word' id='word_1_190' title='bbox 741 3312 845 3371; x_wconf 78' lang='lat' dir='ltr'>fluvio</span> <span class='ocrx_word' id='word_1_191' title='bbox 869 3311 948 3371; x_wconf 85' lang='lat' dir='ltr'>Padi</span> <span class='ocrx_word' id='word_1_192' title='bbox 983 3311 1079 3392; x_wconf 62' lang='lat' dir='ltr'>rignm</span> 
     </span>
     <span class='ocr_line' id='line_1_26' title="bbox 144 3430 658 3493; baseline -0.006 -2"><span class='ocrx_word' id='word_1_193' title='bbox 144 3431 215 3492; x_wconf 90' lang='lat' dir='ltr'>sine</span> <span class='ocrx_word' id='word_1_194' title='bbox 237 3430 434 3493; x_wconf 89' lang='lat' dir='ltr'>conscientia</span> <span class='ocrx_word' id='word_1_195' title='bbox 457 3430 658 3490; x_wconf 89' lang='lat' dir='ltr'>eorumdem.</span> 
     </span>
     <span class='ocr_line' id='line_1_27' title="bbox 229 3545 1143 3626; baseline -0.004 -18"><span class='ocrx_word' id='word_1_196' title='bbox 229 3547 369 3608; x_wconf 90' lang='lat' dir='ltr'>Demum</span> <span class='ocrx_word' id='word_1_197' title='bbox 393 3546 517 3626; x_wconf 87' lang='lat' dir='ltr'>placuit</span> <span class='ocrx_word' id='word_1_198' title='bbox 540 3545 676 3605; x_wconf 91' lang='lat' dir='ltr'>domino</span> <span class='ocrx_word' id='word_1_199' title='bbox 707 3545 890 3625; x_wconf 83' lang='lat' dir='ltr'>Capituneo</span> <span class='ocrx_word' id='word_1_200' title='bbox 919 3560 949 3605; x_wconf 84' lang='lat' dir='ltr'>et</span> <span class='ocrx_word' id='word_1_201' title='bbox 977 3546 1050 3605; x_wconf 92' lang='lat' dir='ltr'>dom</span> <span class='ocrx_word' id='word_1_202' title='bbox 1138 3546 1143 3556; x_wconf 82' lang='lat'><em>&#39;</em></span> 
     </span>
     <span class='ocr_line' id='line_1_28' title="bbox 144 3661 974 3742; baseline -0.005 -18"><span class='ocrx_word' id='word_1_203' title='bbox 144 3661 283 3725; x_wconf 93' lang='lat' dir='ltr'>domino</span> <span class='ocrx_word' id='word_1_204' title='bbox 305 3662 469 3724; x_wconf 87' lang='lat' dir='ltr'>Potestate</span> <span class='ocrx_word' id='word_1_205' title='bbox 500 3681 576 3732; x_wconf 88' lang='lat' dir='ltr'>una,</span> <span class='ocrx_word' id='word_1_206' title='bbox 605 3662 693 3742; x_wconf 87' lang='lat' dir='ltr'>quod</span> <span class='ocrx_word' id='word_1_207' title='bbox 724 3663 850 3721; x_wconf 88' lang='lat' dir='ltr'>domiui</span> <span class='ocrx_word' id='word_1_208' title='bbox 875 3661 974 3721; x_wconf 79' lang='lat' dir='ltr'>Sadet</span> 
     </span>
     <span class='ocr_line' id='line_1_29' title="bbox 143 3779 966 3861; baseline -0.009 -19"><span class='ocrx_word' id='word_1_209' title='bbox 143 3782 198 3861; x_wconf 81' lang='lat' dir='ltr'>gia</span> <span class='ocrx_word' id='word_1_210' title='bbox 220 3786 270 3856; x_wconf 87' lang='grc' dir='ltr'>(α)</span> <span class='ocrx_word' id='word_1_211' title='bbox 298 3793 328 3841; x_wconf 93' lang='lat' dir='ltr'>et</span> <span class='ocrx_word' id='word_1_212' title='bbox 353 3780 526 3841; x_wconf 89' lang='lat' dir='ltr'>Montinus</span> <span class='ocrx_word' id='word_1_213' title='bbox 555 3779 593 3839; x_wconf 86' lang='lat' dir='ltr'>de</span> <span class='ocrx_word' id='word_1_214' title='bbox 623 3779 741 3860; x_wconf 86' lang='lat' dir='ltr'>Spallis</span> <span class='ocrx_word' id='word_1_215' title='bbox 770 3779 893 3838; x_wconf 85' lang='lat' dir='ltr'>vadunt</span> <span class='ocrx_word' id='word_1_216' title='bbox 925 3797 966 3837; x_wconf 86' lang='lat' dir='ltr'>an</span> 
     </span>
     <span class='ocr_line' id='line_1_30' title="bbox 142 3894 974 3965; baseline -0.01 -7"><span class='ocrx_word' id='word_1_217' title='bbox 142 3896 319 3958; x_wconf 88' lang='lat' dir='ltr'>dominum</span> <span class='ocrx_word' id='word_1_218' title='bbox 351 3896 537 3965; x_wconf 83' lang='lat' dir='ltr'>Aibertum,</span> <span class='ocrx_word' id='word_1_219' title='bbox 567 3915 640 3954; x_wconf 81' lang='lat' dir='ltr'>cum</span> <span class='ocrx_word' id='word_1_220' title='bbox 672 3896 847 3955; x_wconf 75' lang='lat' dir='ltr'>arnibaxata</span> <span class='ocrx_word' id='word_1_221' title='bbox 880 3894 974 3952; x_wconf 78' lang='lat' dir='ltr'>eiusd</span> 
     </span>
     <span class='ocr_line' id='line_1_31' title="bbox 210 4013 378 4092; baseline 0.006 -20"><span class='ocrx_word' id='word_1_222' title='bbox 210 4013 378 4092; x_wconf 88' lang='lat' dir='ltr'>rascripta.</span> 
     </span>
    </p>
   </div>
   <div class='ocr_carea' id='block_1_5' title="bbox 0 0 1442 4748">
    <p class='ocr_par' dir='ltr' id='par_1_5' title="bbox 0 0 1442 4748">
     <span class='ocr_line' id='line_1_32' title="bbox 0 0 1442 4748; baseline 0 1"><span class='ocrx_word' id='word_1_223' title='bbox 0 0 1442 4748; x_wconf 95' lang='lat' dir='ltr'> </span> 
     </span>
    </p>
   </div>
  </div>
 </body>
</html>
