2834 4792
590 436 658 478 noc.
681 436 800 476 xxxin:
828 420 902 496 1259
1328 441 1370 506 77

126 674 224 716 rone.
309 655 350 715 Et
371 654 397 714 si
420 651 559 734 predicti
584 651 719 712 Domini
741 667 845 714 essent
875 653 910 713 in
939 652 1052 733 aliquo
1075 654 1221 715 exercitu
1246 656 1297 716 vel
1320 676 1370 718 ca-

127 771 264 831 valcata
288 769 519 843 communiter,
543 767 632 849 quod
648 768 876 850 unusquisque
891 768 933 830 sit
949 768 1104 831 dominus
1126 783 1157 830 et
1176 771 1369 852 capitaneus

124 907 187 947 sue
210 887 387 948 electionis.

214 1003 292 1082 [IX]
316 1002 407 1077 Item,
419 1022 516 1084 super
538 999 715 1082 Capelletis
739 1001 884 1064 bannitis
906 1003 1079 1075 Cremone,
1098 1005 1149 1065 vel
1165 1006 1223 1086 qui
1247 1006 1371 1068 haben·

128 1135 189 1180 tur
211 1133 245 1180 et
267 1133 424 1180 tenentur
451 1137 510 1199 pro
533 1117 680 1178 bannitis
712 1117 886 1189 Cremone,
915 1119 1004 1200 quod
1033 1120 1189 1182 dominus
1220 1143 1293 1184 mar

129 1240 278 1302 Estensis
299 1251 331 1298 et
352 1257 458 1299 comcs
481 1236 610 1299 Verone
631 1251 662 1300 et
685 1237 772 1300 dicta
803 1236 1004 1300 Communia
1031 1240 1186 1314 Mantue,
1216 1242 1286 1304 Fer¹

127 1369 162 1416 et
187 1355 301 1416 Padue
324 1373 389 1414 non
413 1352 554 1414 debeant
587 1353 664 1413 dare
696 1353 773 1435 ipsis
805 1352 983 1433 Capelletis
1015 1354 1151 1435 aliquod
1180 1374 1257 1417 cons

128 1471 311 1543 auxilium,
334 1489 390 1531 nec
413 1469 631 1540 adiutorium,
653 1470 702 1531 vel
728 1469 874 1530 favorem
899 1483 1013 1531 contra
1041 1470 1168 1533 dictum
1191 1473 1266 1534 dom

130 1588 360 1650 marchionem
383 1577 625 1648 Pellavicinum
648 1599 679 1646 et
698 1586 871 1647 dominum
890 1585 1022 1647 Bosium
1039 1602 1070 1648 et
1090 1585 1270 1650 Commune

131 1719 280 1766 moneet
298 1704 431 1764 Partem
448 1702 721 1765 Barbarasorum.
806 1703 849 1763 Et
861 1702 973 1763 eodem
991 1703 1089 1763 modo
1111 1703 1266 1766 dominus
1282 1725 1310 1765 m

127 1822 209 1882 chio
233 1819 454 1883 Pellavicinus
469 1833 500 1882 et
517 1819 631 1879 Bosius
647 1838 707 1898 pro
729 1825 779 1892 (α)
803 1815 991 1879 Commune
1008 1818 1170 1880 Cremone
1187 1834 1294 1882 tenear

130 1956 200 1999 non
226 1937 304 1998 dare
326 1933 461 2016 aliquod
483 1934 669 2004 consilium,
691 1934 867 2003 auxilium,
888 1953 945 1995 nec
965 1933 1184 2006 adiutorium,
1207 1937 1258 1996 vel
1282 1936 1330 1998 fas

128 2073 214 2124 rem,
230 2068 345 2114 contra
368 2050 518 2112 dominos
542 2049 767 2112 marchionem
791 2051 957 2119 Estensem
981 2063 1013 2111 et
1036 2050 1190 2111 comitem
1214 2051 1344 2113 veron-

126 2183 162 2230 et
187 2167 390 2229 Communia
416 2168 565 2236 Mantue‚
589 2165 738 2226 Ferrarie
760 2179 791 2226 et
815 2164 937 2235 Paduc,
955 2164 1102 2226 bannitis
1117 2166 1282 2228 dictorum
1303 2167 1330 2227 D

126 2285 303 2346 minorum
327 2284 376 2345 vel
400 2281 617 2351 Comunium,
633 2295 664 2343 et
678 2300 730 2342 eos
746 2279 912 2341 inimicari
928 2279 969 2340 ad
986 2279 1194 2343 voluntatem
1218 2296 1250 2344 et
1275 2283 1286 2342 l

128 2400 293 2484 placitum
317 2400 530 2461 dominorum
553 2397 599 2474 (ὸ)
633 2395 834 2457 marchionis
857 2397 998 2458 Estensis
1021 2411 1051 2457 et
1075 2397 1204 2458 comitis
1234 2396 1300 2465 Ver

124 2530 161 2578 et
187 2514 430 2576 Communium
456 2515 603 2584 Mantue,
625 2527 656 2574 et
680 2513 830 2573 Ferraria
853 2525 883 2572 et
907 2511 1029 2582 Padue,
1050 2512 1158 2584 salvis,
1186 2533 1284 2594 excep

129 2634 329 2694 Mantuanis
360 2646 392 2693 et
427 2630 692 2692 Ferrariensihus
724 2630 758 2689 in
793 2629 854 2689 hoc
877 2631 1114 2710 compositione
1147 2645 1178 2691 et
1210 2632 1275 2693 soci

125 2749 267 2811 notatis.

213 2865 274 2945 [X]
298 2867 390 2938 ltem,
412 2864 501 2946 quod
524 2883 636 2925 omnes
666 2863 796 2924 banniti
826 2882 885 2942 pro
916 2862 1001 2923 facto
1026 2862 1211 2925 Marcharie
1238 2880 1270 2924 et
1298 2887 1302 2922 ι

125 2983 299 3044 occasione
320 2996 351 3043 et
374 3001 487 3042 omnes
509 2999 622 3041 eorum
648 2979 798 3040 homines
826 2992 857 3039 et
889 2978 1036 3039 homines
1062 2979 1220 3040 Ubaldini
1243 2994 1274 3040 et

126 3098 233 3176 colini
255 3096 293 3158 de
316 3095 518 3177 Campitello
542 3095 672 3156 banniti
698 3115 756 3176 pro
780 3093 967 3155 Marcharia
990 3099 1035 3168 (c)
1059 3095 1108 3154 vel
1131 3095 1230 3154 occasi

123 3231 243 3273 sorum
265 3231 401 3272 suorum
427 3211 659 3282 Dominarum,
682 3225 713 3271 et
738 3209 911 3270 Conradus
934 3209 971 3269 de
995 3210 1159 3270 Calarosis
1178 3225 1208 3270 ct
1233 3231 1294 3291 nep

126 3325 190 3406 filij
216 3325 328 3387 fratris
350 3326 494 3388 habeant
518 3326 626 3406 fruges
647 3344 739 3395 suas,
763 3326 924 3386 restitutis
952 3326 998 3386 eis
1018 3326 1173 3386 omnihus
1195 3340 1226 3385 et
1249 3345 1290 3385 eo¹

127 3441 325 3504 hominibus
348 3441 397 3515 (d)
420 3443 682 3522 possessionibus,
706 3462 786 3521 quas
810 3442 976 3502 habehant
1000 3456 1230 3522 temporeque

126 3571 214 3622 runt
236 3558 275 3619 de
298 3559 449 3629 Mantua,
472 3559 649 3639 exceptatis
678 3560 802 3639 guastis
832 3560 906 3638 ipsis
930 3559 1022 3619 factis
1049 3574 1079 3619 et
1105 3559 1229 3619 venditi

123 3678 154 3738 si
179 3696 261 3757 quas
285 3675 431 3746 fecerint,
453 3675 491 3736 de
513 3677 634 3756 quibus
658 3677 749 3737 nulla
774 3677 830 3736 liat
856 3677 1031 3746 restitutio
1054 3691 1083 3736 ct
1108 3677 1194 3756 quod
1219 3677 1226 3735 i

126 3815 188 3856 nes
211 3793 345 3875 possint,
366 3793 479 3853 statim
505 3792 635 3854 firmata
658 3794 821 3864 societate,
843 3796 973 3854 mittere
992 3812 1107 3853 uxores
1126 3807 1150 3852 ct

125 3908 271 3971 nuncios
292 3925 365 3971 suos
387 3909 427 3970 ad
450 3909 670 3988 colligendum
698 3910 805 3988 liugas
826 3929 899 3968 suas
922 3924 952 3969 ct
975 3924 1059 3969 stare
1082 3929 1150 3988 sup<

123 4025 229 4087 nibus
251 4024 317 4084 suis
339 4038 370 4084 ct
394 4025 518 4104 possint
541 4039 572 4084 ct
595 4025 735 4085 debeant
760 4025 909 4085 habitare
933 4025 965 4084 in
997 4023 1131 4084 civitatc

126 4141 280 4210 Mantue,
303 4140 344 4200 ah
366 4159 434 4201 uno
457 4160 546 4201 anno
570 4156 710 4200 venturo
734 4143 882 4220 proxime
908 4140 1007 4210 ultra,
1032 4159 1070 4199 cu

124 4255 255 4317 rentele
282 4268 313 4316 et
344 4256 631 4327 iuramentorum,
666 4258 704 4317 ad
729 4258 789 4317 hcc
815 4273 849 4316 nt
873 4257 916 4316 ihi
942 4278 1003 4316 csse
1033 4259 1071 4316 dc·

181 4533 305 4589 (anper
364 4537 534 4589 (b)Adomini,
558 4538 724 4577 Bdominorum
788 4538 1062 4591 (c)slprolllarchionc;

118 4608 162 4664 (d)
176 4617 198 4647 et
216 4611 307 4657 espunte
321 4607 346 4647 B.
