2834 4792
431 427 448 486 8
733 445 901 486 rrnnrzronr
925 445 985 484 rnr
1009 443 1057 486 vni

430 680 506 723 nam
535 675 566 722 et
592 661 789 736 Mantuam
811 658 868 742 qui
900 659 1011 719 iurent

429 776 489 838 hoc
512 779 619 850 mod0,
635 777 723 860 quod
741 777 882 839 debeant
900 774 1016 836 audire

426 904 457 952 et
490 893 632 975 recipere
665 890 939 955 lamentationem
964 889 1014 950 vel

427 1008 691 1081 lamentationes,
714 1030 796 1090 quas
814 1008 950 1072 fecerint
968 1011 1015 1083 (c)

426 1146 511 1189 unus
524 1128 573 1189 vel
590 1129 699 1209 plures
712 1127 862 1190 homines
876 1128 1014 1189 Mantue

424 1244 462 1307 de
479 1245 670 1308 hominibus
686 1245 814 1307 Verone
836 1258 868 1306 et
883 1245 952 1306 eius
967 1243 1015 1305 di-

423 1360 566 1431 strictus,
595 1358 683 1421 infra
716 1378 804 1419 'xrs
824 1359 892 1421 dies
921 1379 938 1420 a
962 1358 1014 1420 die

423 1475 491 1536 dati
525 1474 628 1536 libelli
651 1476 701 1537 vel
724 1476 931 1556 querimonie
954 1494 1012 1555 pro

423 1592 541 1673 posite;
564 1594 589 1653 si
613 1612 679 1654 non
713 1592 849 1655 daretur
872 1592 1012 1664 libellus,

422 1711 600 1773 secundum
615 1712 709 1792 'leges
722 1725 754 1772 et
775 1723 901 1773 statuta
914 1724 945 1771 et
960 1710 1011 1770 bc·

422 1846 502 1889 num
525 1846 620 1889 usum
634 1827 780 1889 civitatis
797 1828 935 1902 Verone,
951 1847 1010 1908 pro

422 1957 458 2006 ut
474 1944 621 2005 consules
643 1944 772 2006 Verone
788 1957 944 2007 tenentur
959 1948 1009 2006 vel

419 2063 621 2124 tenebantur
644 2083 703 2144 pro
725 2076 872 2144 tempore
895 2087 911 2126 a
935 2065 1010 2126 civi·

421 2181 479 2240 bus
499 2180 638 2251 Verone,
660 2199 834 2260 aquosum
844 2182 1008 2244 sententia

420 2314 486 2356 non
499 2295 594 2357 liceat
610 2295 774 2377 appelari;
789 2311 819 2356 et
830 2311 1009 2358 teneantur

417 2411 619 2493 infrascripti
643 2425 709 2473 tres
737 2411 896 2481 homines
918 2413 1006 2492 quod

418 2530 502 2591 bona
533 2528 595 2590 fide
623 2529 693 2590 sine
721 2529 812 2589 omni
838 2529 953 2590 fraude
975 2545 1006 2591 et

415 2644 491 2705 dolo
512 2643 724 2705 extimabant
747 2663 796 2704 res
815 2644 952 2705 mobiles
974 2660 1005 2705 et

416 2759 600 2821 immobiles
643 2757 819 2819 hominum
858 2758 1007 2830 Verone,

416 2877 514 2938 unius
544 2877 594 2937 vel
627 2876 787 2958 plurium,
809 2896 906 2957 quem
930 2896 1007 2937 con-

413 2993 633 3065 demnabunt,
664 2992 690 3053 si
723 2993 758 3053 in
782 2994 920 3073 pecunia
946 3013 1006 3054 nu-

412 3123 539 3171 merata
555 3129 620 3170 non
637 3110 773 3171 solverit
786 3111 952 3172 creditori.

411 3225 446 3285 in
470 3246 507 3286 eo
530 3247 616 3297 casu,
643 3226 779 3307 quando
808 3229 869 3290 erit
894 3250 1006 3291 neces-

410 3339 506 3413 saria,
529 3361 644 3404 eorum
674 3343 928 3408 extimationem
953 3349 1003 3408 rel

409 3459 610 3521 sententiam
633 3474 665 3522 et
687 3463 869 3523 sentencias
892 3485 909 3525 a
933 3485 1005 3545 pre-

410 3575 506 3636 dictis
522 3576 717 3638 hominibns
733 3578 835 3640 latam
854 3583 903 3642 vel
922 3583 1004 3641 latas

410 3690 497 3751 infra
514 3713 520 3726 ·
535 3713 619 3751 xxx·
635 3694 702 3756 dies
719 3710 789 3775 post
802 3699 1002 3761 sententiam

410 3806 511 3868 latam
542 3811 728 3871 executioni
762 3813 928 3874 mandabo
953 3815 1001 3875 vel

409 3923 567 3983 mandare
593 3924 721 3994 faciam,
737 3942 845 4006 spreta
862 3930 1002 4010 appella.

408 4044 506 4094 filule.
595 4045 745 4095 b'lrlf’llr”f²†
759 4048 782 4092 cl
798 4050 931 4092 mnlnr'ller
955 4051 1002 4092 r'n.
