2834 4792
100 445 138 526 78
401 464 571 505 nuuazronr
595 464 655 505 rna
680 464 807 506 vesona
832 466 850 505 a
875 465 1024 507 naurova

99 680 195 740 amici
210 679 289 740 dicti
303 678 430 741 domini
452 686 502 756 (a)
525 680 727 742 Marchionis
743 681 894 753 Emensis,
910 694 941 742 et
958 679 1108 754 Comitis,
1119 694 1150 743 et
1170 680 1333 744 Comunis

100 797 247 858 Mantue.

178 914 254 994 [Xl]
279 914 371 985 ltem,
386 913 475 996 quod
490 916 604 976 saltem
623 914 730 996 fruges
742 915 959 978 dimittantur
976 937 1031 997 per
1054 916 1227 978 dominum
1244 937 1331 979 mar·

97 1031 248 1093 chionem
271 1033 439 1093 Estensem
461 1045 493 1094 et
516 1031 703 1093 Commune
726 1034 885 1105 Ferrarie,
907 1034 1050 1095 dominis
1067 1033 1212 1096 Henrico
1228 1034 1329 1097 Lam·

98 1150 182 1211 berti
204 1164 236 1212 et
259 1150 432 1221 Susinell0,
451 1165 481 1211 et
498 1150 619 1211 Jacobo
635 1150 673 1211 de
690 1150 872 1213 Gontardis
892 1150 950 1225 (b),
973 1165 1003 1211 et
1027 1151 1099 1211 aliis
1113 1150 1152 1211 de
1177 1150 1332 1212 domibus

95 1266 171 1336 suis,
193 1279 224 1327 et
247 1267 312 1326 suis
336 1266 526 1328 hominibus
548 1281 580 1328 et
604 1266 745 1339 vasallis,
769 1267 1055 1348 ipsispetentibus
1078 1280 1164 1328 stare
1190 1267 1225 1327 in
1249 1264 1329 1327 Cre·

96 1402 194 1444 mona
218 1397 249 1444 et
273 1382 498 1454 Cremonensi,
528 1404 594 1444 non
628 1384 790 1445 veniendo
819 1385 852 1444 in
885 1384 1072 1455 Mantuam,
1095 1402 1152 1443 nec
1177 1382 1329 1443 Mantua-

96 1519 184 1569 nam‚
208 1519 265 1559 nec
289 1499 487 1572 Ferrariam,
512 1519 568 1561 nec
590 1500 778 1561 districtum
801 1499 964 1569 Ferrarie‚
987 1499 1064 1559 hinc
1087 1498 1127 1559 ad
1143 1518 1245 1559 unum
1269 1516 1329 1558 an-

96 1636 188 1687 num,
210 1630 241 1676 et
264 1616 383 1676 abinde
403 1617 606 1696 recipiantur
638 1635 734 1697 super
763 1618 828 1676 suis
850 1615 1103 1696 possessionibus
1133 1615 1167 1674 in
1190 1614 1327 1674 civitate

95 1732 254 1803 Ferrarie,
279 1752 353 1793 cum
377 1733 532 1795 securicia
566 1734 734 1814 parentele
767 1747 798 1794 et
831 1734 1111 1803 iuramentorum,
1141 1731 1182 1792 ad
1206 1733 1266 1792 hoc
1289 1744 1330 1791 ut

94 1869 157 1910 esse
179 1850 319 1910 debeant
352 1849 461 1910 fideles
489 1865 519 1911 et
549 1851 647 1910 amici
672 1849 874 1910 marchionis
904 1849 1046 1910 Estensis
1069 1862 1100 1909 et
1129 1847 1330 1908 Communis

95 1965 254 2036 Ferrarie,
277 1966 429 2026 habendo
453 1967 591 2027 nuncios
622 1987 706 2038 suos,
729 1967 838 2028 iurata
868 1967 981 2027 statim
1003 1966 1168 2036 societate,
1191 1964 1223 2024 in
1249 1963 1326 2024 Fer·

94 2083 179 2143 rarie
191 2096 222 2143 et
236 2083 399 2153 districtu,
412 2083 469 2164 qui
486 2083 644 2162 colligant
659 2085 766 2164 fruges
787 2103 861 2143 suas
873 2097 904 2143 et
919 2095 1096 2162 procurent
1109 2101 1165 2142 sua
1182 2081 1328 2161 negocia.

176 2198 270 2277 [Xll]
295 2198 388 2268 ltem,
411 2198 500 2278 quod
523 2200 613 2258 locus
635 2199 674 2259 de
698 2198 811 2259 Urceis
822 2206 867 2271 (c)
890 2211 920 2257 et
944 2199 1033 2256 locus
1059 2196 1189 2257 Ustiani
1211 2208 1243 2256 et
1259 2213 1327 2254 om·

96 2334 149 2374 nes
172 2314 234 2374 alie
257 2314 392 2374 terrede
408 2313 577 2384 Brixiana,
600 2334 662 2393 que
686 2315 837 2374 venirent
853 2313 903 2387 (d)
919 2314 959 2373 ad
984 2327 1110 2393 partem
1134 2312 1329 2392 predictam,

93 2449 303 2510 quocumque
325 2443 445 2508 eventu
460 2431 510 2489 vel
528 2429 634 2501 modo,
657 2431 797 2490 debeant
817 2429 958 2499 delendi,
976 2428 1100 2488 muniri
1123 2441 1153 2487 et
1176 2424 1327 2505 guerniri

94 2566 196 2626 usque
220 2547 259 2606 ad
284 2546 427 2606 medium
452 2566 593 2606 mensem
619 2547 691 2606 iulii
716 2546 864 2626 proxime
888 2545 1112 2605 adventurum
1140 2541 1328 2603 communi·

93 2669 194 2736 ter(e)
210 2663 358 2742 expensis
381 2662 546 2722 dictorum
572 2662 793 2722 Dominorum
817 2678 848 2721 et
873 2661 1125 2731 Communium,
1143 2659 1324 2720 secundum

94 2777 265 2838 facultates
287 2792 318 2838 et
342 2778 588 2855 magnitudines
617 2779 790 2838 cuiuslibet
819 2777 926 2859 ex(s)
950 2779 1044 2837 dictis
1072 2777 1330 2848 Communibus,

93 2894 243 2953 videlicet
261 2894 294 2953 in
315 2894 403 2953 hunc
421 2894 566 2964 modum,
583 2894 671 2973 quod
696 2893 882 2954 Commune
906 2893 1068 2953 Cremone
1087 2891 1203 2953 debeat
1221 2892 1326 2952 facere

92 3023 245 3088 quartam
261 3022 386 3088 partem
402 3008 544 3087 ipsorum
561 3029 777 3088 expensarum
795 3023 927 3069 tantum
941 3024 972 3069 et
986 3008 1187 3068 Communia
1202 3007 1328 3076 Padue,

93 3126 240 3185 Ferrarie
263 3139 292 3184 et
319 3125 457 3183 llantue
480 3124 621 3203 reliquas
639 3139 823 3204 trespartes
839 3138 869 3185 et
886 3126 988 3185 eciam
1010 3124 1156 3184 succurri
1180 3124 1326 3185 debeant

92 3263 148 3324 per
171 3242 274 3302 dictos
299 3242 458 3301 Dominos
487 3257 518 3301 et
543 3241 742 3301 Communia
767 3256 881 3302 contra
907 3243 1078 3316 licelinum
1107 3241 1145 3301 de
1170 3241 1328 3300 Romano

91 3373 122 3419 et
147 3357 333 3418 Commune
358 3357 467 3417 Brixie
497 3373 527 3417 et
557 3377 631 3417 suos
656 3358 809 3428 fautores,
837 3361 860 3418 si
888 3360 1040 3435 Ecelinus
1064 3360 1112 3418 rel
1138 3357 1328 3417 Commune

91 3475 201 3535 Brixie
225 3475 265 3534 ad
288 3474 492 3534 obsidionem
517 3473 655 3532 alicuius
679 3476 900 3553 predictorum
933 3489 1114 3535 attentaret
1137 3474 1250 3533 venire
1274 3472 1326 3531 vel

91 3591 232 3651 mittere.

171 3706 281 3784 [xiil]
311 3706 402 3773 ltem,
427 3704 633 3782 intelligatur
659 3704 846 3766 Commune
871 3708 1032 3767 Crenmne
1056 3707 1135 3765 l‘ars
1160 3705 1328 3764 Barbara·

88 3844 212 3891 sorum,
235 3842 298 3901 que
321 3836 366 3882 est
392 3822 424 3880 in
449 3821 583 3880 civitate
608 3822 769 3881 Cremone
802 3823 952 3881 modoet
978 3823 1056 3897 regit
1081 3822 1184 3900 ipsam
1208 3820 1329 3879 civita·

90 3954 166 4005 tem,
189 3954 218 3998 et
244 3957 331 3996 nunc
354 3952 400 3996 est
425 3936 621 4006 Commune,
645 3951 674 3996 et
698 3938 809 3997 eodem
834 3939 930 3997 modo
954 3938 1162 4016 intelligatur
1185 3937 1220 3996 in
1243 3936 1327 3995 civi-

89 4070 156 4115 tate
182 4056 318 4114 liantuc
342 4068 372 4112 ct
397 4053 546 4112 Ferrarie
570 4067 600 4112 et
626 4054 745 4122 Pndite,
778 4054 856 4112 Pars
882 4055 1092 4113 dominorum
1120 4052 1327 4112 Malchionis

92 4173 231 4216 liernneis
253 4185 283 4216 nr
309 4168 449 4216 inuniri<
474 4168 601 4216 Verona
644 4189 707 4216 niro
741 4189 828 4216 ratini·
854 4185 970 4216 renunt
1004 4171 1085 4216 inens
1116 4169 1267 4216 ciuitates
1294 4182 1326 4216 er
