2858 4792
593 416 664 458 noc.
687 417 809 457 xcviii:
835 415 909 478 1279
1310 415 1361 476 17¹

569 517 1363 541 mm..

156 625 270 688 ationem
292 645 424 689 movere
448 626 591 689 voluerit
600 648 608 702 ;
629 627 655 688 si
674 646 757 690 ,vero
780 640 942 691 mercator
966 646 1032 689 non
1050 625 1161 694 luerit,
1184 643 1294 686 coram
1317 625 1363 685 iu·

160 741 216 801 dice
229 742 395 806 Potestatis
411 764 465 805 seu
476 743 598 824 Vicarij
612 764 704 806 suam
722 758 853 808 moveat
866 742 1090 825 questionem
1106 741 1364 823 quequestiones

157 869 245 918 tamen
264 860 322 920 sub
339 859 504 922 iudicibus
521 859 697 946 Potestatis
717 877 772 922 seu
798 858 923 920 Vicarii
936 865 997 935 (a),
1019 877 1120 938 quam
1143 858 1203 938 sub
1219 855 1363 918 Potesta-

156 971 228 1032 tibus
246 976 290 1038 vel
312 976 514 1038 Consulibus
544 976 827 1057 Mercatorum(b)
858 975 1002 1038 sumarie
1031 988 1062 1035 et
1091 973 1160 1036 sine
1188 972 1364 1034 iudiciario

152 1089 268 1169 strepitu
290 1092 430 1154 debeant
456 1093 606 1176 cognosci
635 1106 667 1156 et
690 1093 888 1158 terminari·
979 1093 1021 1152 Et
1044 1089 1133 1172 quod
1158 1089 1197 1152 de
1219 1090 1363 1170 questio-

153 1201 241 1278 nibus,
259 1227 320 1288 que
343 1208 382 1270 de
402 1223 510 1270 cetero
533 1224 756 1278 nascerentur,
779 1209 864 1270 idem
890 1207 1006 1269 modus
1028 1207 1062 1267 in
1086 1205 1241 1268 omnibus
1256 1218 1287 1266 et
1305 1223 1360 1284 per

150 1320 244 1383 omnia
264 1325 378 1388 debeat
401 1327 580 1388 obseruari.
672 1353 684 1363 ·’

217 1439 299 1522 [XV]
323 1442 404 1506 Item
418 1443 506 1524 quod
522 1444 672 1507 dationes
688 1443 721 1505 in
737 1445 885 1505 solutum
910 1442 993 1504 facte
1016 1441 1154 1523 illisqui
1171 1440 1361 1523 represalias

148 1552 295 1619 habebant
317 1558 356 1619 de
379 1560 475 1620 rebus
488 1559 714 1630 inmobilibus,
731 1579 797 1622 non
814 1560 964 1632 valeant;
985 1571 1032 1620 set
1048 1558 1113 1619 sint
1132 1533 1218 1620 casse
1236 1571 1267 1618 et
1284 1556 1359 1618 nul-

143 1669 201 1730 lius
220 1674 333 1735 valoris
343 1690 374 1737 et
388 1697 436 1738 res
457 1676 524 1758 ipse
535 1677 579 1738 eis
591 1695 736 1756 quorum
756 1689 835 1737 sunt
857 1683 902 1750 (c)
926 1674 1149 1736 restituantur
1164 1686 1196 1734 et
1212 1693 1250 1734 ex
1267 1693 1356 1734 nunc

141 1783 362 1869 intelligantur
384 1804 415 1852 et
436 1790 502 1852 sint
524 1791 569 1854 eis
589 1810 733 1871 quorum
766 1801 845 1851 sunt
868 1789 1020 1851 restitute
1049 1803 1080 1850 ct
1111 1787 1202 1868 quod
1228 1789 1295 1856 sint
1325 1788 1359 1848 in

137 1914 245 1962 tenuta
268 1919 299 1964 et
322 1907 517 1986 possessione
539 1907 686 1986 ipsarum
708 1906 768 1983 (d).

211 2019 316 2100 [xvi]
341 2022 422 2090 Item
445 2023 533 2104 quod
557 2037 724 2085 transacto
738 2024 827 2086 dicto
843 2043 932 2084 anno
954 1986 1123 2103 Sapientes
1146 2020 1291 2101 ipsarum
1309 2020 1359 2081 Ci-

130 2136 273 2198 vitatum
290 2139 389 2200 simul
404 2139 544 2201 debeant
567 2141 743 2201 convenire
759 2140 798 2200 ad
816 2139 1052 2201 inveniendum
1069 2152 1100 2199 et
1116 2137 1358 2198 decernendum

126 2255 264 2317 modum
286 2269 317 2320 et
341 2255 440 2326 viam,
462 2256 583 2336 quibus
606 2256 748 2337 predicte
777 2256 963 2337 questiones
992 2254 1107 2316 melius
1135 2266 1166 2316 et
1190 2233 1341 2314 utiliuse

120 2372 311 2453 expedicius
332 2373 480 2454 cognosci
502 2387 534 2434 et
558 2373 731 2434 terminari
743 2375 786 2452 (e)
814 2372 953 2434 debeant
962 2391 970 2447 ;
992 2375 1065 2432 etsi
1087 2370 1166 2432 dicti
1190 2369 1305 2451 Sapien

123 2487 195 2568 ipsa
219 2489 384 2548 occasione
407 2507 475 2548 non
496 2487 712 2549 convenirent
743 2487 782 2548 ad
813 2487 965 2556 invicem,
994 2486 1138 2566 predicte
1170 2485 1285 2565 questi«

118 2604 270 2664 sumarie
290 2618 321 2666 et
343 2604 412 2666 sine
435 2604 609 2666 iudiciario
636 2604 776 2684 strepitu
806 2603 955 2684 cognosci
978 2617 1009 2664 et
1039 2601 1211 2664 terminari
1234 2606 1279 2676 (e)

124 2722 229 2781 beant
250 2739 305 2801 per
321 2720 461 2781 iudicem
486 2720 661 2786 Potestatis
681 2740 736 2780 seu
756 2719 877 2799 Vicarij
903 2719 943 2780 ad
969 2719 1030 2780 hoc
1052 2717 1235 2799 specialiter
1258 2748 1261 2773 ι

123 2835 270 2898 tandum
293 2851 324 2898 et
348 2856 404 2918 per
426 2837 625 2899 Potestatem
643 2837 694 2898 vel
711 2837 868 2898 Consules
891 2837 1126 2906 Mercatorum‚
1149 2850 1185 2897 ut
1206 2855 1309 2916 super,

122 2951 256 3012 dictum
278 2966 333 3014 est.
399 2982 403 2988 ·

209 3067 332 3147 [XVII]
357 3068 437 3130 Item
467 3069 555 3148 quod
586 3069 728 3129 durante
757 3088 875 3149 guerra
899 3068 1066 3148 aliquibus
1095 3067 1133 3128 de
1166 3067 1244 3128 civit

122 3180 324 3260 supradictis
345 3181 540 3262 prescriptio
563 3201 629 3241 non
652 3181 692 3242 sit
716 3201 820 3242 cursa.

208 3294 349 3374 [XVlll'l
374 3295 454 3356 Item
476 3295 566 3375 quod
590 3315 703 3356 omnes
724 3311 754 3356 et
777 3290 899 3376 singuli
923 3309 1118 3357 mercatores
1134 3314 1189 3375 pre

122 3408 301 3470 civitatum
326 3431 381 3492 per
403 3411 488 3490 ipsas
509 3410 660 3471 civitates
682 3423 712 3471 et
735 3409 904 3471 districtus
939 3413 1082 3490 ipsarum
1106 3428 1180 3468 cum

126 3523 192 3585 hiis
207 3525 513 3608 mercadandiis(f)
530 3526 765 3606 cuiuscumque
780 3525 980 3587 conditionis
997 3526 1063 3585 sint
1080 3539 1110 3585 ct
1128 3544 1165 3584 ur

124 3641 273 3712 veniant,
296 3643 396 3704 libere
419 3643 542 3724 possint
560 3643 605 3704 ire
628 3659 658 3704 et
681 3657 766 3703 stare
782 3658 812 3703 et
830 3643 933 3703 redire
956 3643 1113 3712 sine,i1nt

123 3775 195 3837 quo
215 3757 276 3817 sibi
299 3758 408 3820 dando
430 3758 468 3819 de
491 3758 585 3819 dictis
609 3759 847 3819 mercadandiis
862 3767 915 3839 (g)
937 3779 991 3819 seu
1016 3778 1035 3838 p

124 3873 206 3934 lutis
221 3873 319 3934 datiis
333 3875 505 3945 consuetis
519 3876 610 3935 saluo
627 3875 715 3955 quod
739 3876 908 3955 Sapientes
931 3875 1037 3955 predic

124 3990 257 4051 hincad
270 4010 394 4051 annum
410 4011 534 4052 novum
559 3993 749 4071 proximum
773 4008 951 4052 venturum
969 4013 1004 4052 su

124 4105 268 4165 debeant
291 4107 460 4186 providere
484 4108 517 4167 in
541 4107 687 4187 eoquod
711 4108 918 4168 Comunibus
948 4109 1005 4188 ipsa

128 4219 367 4280 Mercatoribus
389 4224 437 4296 (Ιι)
466 4224 655 4283 earumdem
688 4224 792 4283 maior
823 4225 949 4283 utilitas
977 4244 1005 4282 es

181 4487 220 4538 (a)
236 4489 262 4525 A.
278 4503 317 4529 om.
334 4505 353 4544 p,
370 4506 386 4533 s,
403 4508 421 4533 v.
480 4495 512 4544 (zi)
528 4496 546 4533 Β
561 4495 717 4533 tnetcltutoixuti
779 4496 810 4545 (l
827 4496 844 4532 [ι’
859 4497 900 4532 siut
962 4495 997 4543 (il)

123 4561 174 4598 nari
233 4558 280 4610 (J)
294 4561 311 4598 B
324 4567 479 4613 mercutendiis,
495 4579 506 4604 e
522 4567 536 4605 Γ
544 4569 604 4606 ultra
616 4569 738 4616 parturiam
753 4568 854 4606 Statura:
872 4566 1005 4605 metclnttlier

121 4644 134 4670 l
149 4630 166 4668 ἵ
176 4629 241 4668 “1¹70
252 4634 368 4677 mertare
382 4638 484 4678 Sintula:
499 4640 664 4678 mercatliemliis
724 4641 759 4691 (l)
777 4640 794 4678 l:
809 4639 986 4686 mercliutoribus,
1003 4663 1005 4678 t

121 4699 289 4741 mercatoribus
