2858 4792
103 447 156 527 148
400 466 571 507 netazrout
596 466 655 505 raa
680 465 808 506 lanosi
833 466 850 504 n
874 467 1025 507 »terrori

100 676 334 758 Villempincte
363 678 505 757 pertinet
537 698 592 739 seu
623 677 787 759 pertinere
817 690 921 758 potest
952 678 1003 739 vel
1026 690 1140 759 posset,
1164 693 1195 740 et
1223 678 1329 740 eciam

99 813 174 854 cum
198 790 372 853 medietate
387 792 510 855 decime
525 794 590 854 iam
606 793 692 854 dicte
707 793 819 865 curtis,
834 807 968 874 excepta
991 807 1110 876 quarta
1136 809 1228 874 parte
1243 796 1331 857 dicte

101 909 285 972 medietatis
307 910 440 981 decime,
455 931 555 991 quam
572 924 728 990 quartam
745 924 872 991 partem
896 908 1019 971 decime
1041 910 1126 972 dicte
1144 911 1331 973 medietatis

99 1026 185 1087 dicte
206 1026 318 1097 curtis,
342 1038 410 1088 tam
433 1026 471 1087 de
494 1025 627 1087 ronchis
642 1026 736 1088 novis
752 1040 783 1087 et
800 1027 931 1098 suturis,
953 1046 1053 1107 quam
1077 1026 1116 1087 de
1138 1025 1211 1106 alijs
1233 1028 1331 1088 rebus

101 1144 190 1224 plebs
211 1149 261 1218 (a)
283 1143 412 1205 ecclesie
434 1143 537 1204 sancti
562 1142 693 1204 Andree
714 1145 753 1204 de
776 1143 842 1224 ipsa
866 1157 958 1204 curte
977 1142 1098 1204 habere
1119 1144 1213 1205 debet
1233 1158 1264 1204 et
1279 1164 1331 1204 ex·

99 1274 193 1341 cepto
216 1273 288 1320 toto
309 1279 347 1320 eo
369 1258 457 1338 quod
479 1260 701 1338 suprascripta
725 1259 814 1339 plebs
836 1279 853 1318 a
877 1258 995 1338 viginti
1013 1259 1108 1319 annis
1131 1259 1164 1318 in
1188 1279 1222 1319 za
1241 1272 1330 1320 retro

102 1375 324 1455 usquemodo
357 1374 474 1434 habuit
497 1387 527 1434 et
552 1377 671 1447 tenuit,
703 1391 733 1436 et
767 1388 876 1436 totum
901 1375 989 1455 quod
1022 1375 1089 1456 ipsa
1115 1375 1203 1456 plebs
1224 1389 1255 1436 et
1277 1375 1329 1459 sui

101 1490 249 1551 homines
271 1489 461 1551 habitantes
481 1509 578 1571 supra
601 1510 697 1551 suum
723 1492 845 1553 habent
865 1492 914 1553 rel
932 1491 1097 1553 habebant
1120 1506 1150 1553 et
1172 1493 1329 1553 tenebant

101 1607 141 1665 ab
163 1606 274 1667 cadem
298 1607 400 1687 plebe,
423 1627 496 1667 cum
520 1608 612 1668 omni
635 1607 706 1669 iure
727 1621 759 1669 et
783 1608 918 1678 honore,
941 1608 1106 1670 adulterio
1128 1625 1158 1670 et
1180 1608 1338 1696 districto·

99 1736 131 1783 et
162 1722 283 1794 bann0‚
304 1739 335 1784 et
358 1723 520 1794 similiter,
553 1725 697 1785 habeant
730 1739 760 1786 et
791 1740 937 1794 teneant,
959 1741 990 1786 et
1013 1746 1050 1786 eo
1080 1739 1213 1806 excepto
1239 1725 1329 1804 quod

101 1839 271 1919 hospitalis
292 1840 507 1920 suprascripti
530 1839 718 1921 monasterii
748 1842 853 1902 sancti
877 1842 1020 1902 Zenonis
1042 1842 1141 1901 habet
1164 1841 1198 1899 in
1219 1859 1332 1918 supra·

99 1956 219 2036 scripta
243 1971 335 2017 curte
357 1971 387 2017 et
409 1955 458 2016 sui
483 1955 632 2017 homines
655 1956 844 2018 habitantes
866 1978 964 2038 supra
989 1958 1070 2018 illud
1094 1957 1132 2017 de
1156 1955 1331 2035 hospitali;

98 2073 250 2134 similiter
272 2092 345 2132 cum
370 2073 461 2134 omni
484 2073 555 2134 iure
572 2087 603 2134 et
620 2073 756 2145 honore,
779 2074 898 2134 habere
916 2090 947 2135 et
964 2073 1120 2143 detinere,
1141 2087 1172 2132 et
1194 2085 1332 2152 excepto

99 2190 228 2251 reddito
251 2189 350 2250 unius
373 2189 598 2271 mansi,quem
622 2191 875 2270 archipresbiter
897 2193 1001 2251 sancti
1026 2189 1157 2251 Proculi
1181 2203 1211 2249 et
1229 2188 1332 2268 magi-

98 2322 164 2366 ster
184 2305 396 2367 l‘resbitellus
414 2305 555 2366 eiusdem
579 2307 706 2367 ecclesie
731 2307 851 2368 habere
873 2307 1038 2367 debebunt
1062 2306 1164 2366 do'nec
1187 2305 1333 2376 risisent,

99 2437 130 2482 et
152 2435 286 2502 excepto
310 2441 424 2481 manso
448 2441 514 2481 uno
536 2423 676 2483 condam
707 2422 925 2482 Lalranchini
949 2423 987 2482 de
1013 2421 1148 2482 domino
1176 2421 1282 2490 abate,
1304 2421 1331 2480 si

99 2555 144 2600 est
169 2540 202 2599 in
226 2540 368 2620 prel'acta
393 2555 495 2610 curte,
527 2540 583 2619 qui
618 2540 650 2599 in
683 2539 906 2620 suprascripto
930 2538 1131 2600 monasterio
1161 2557 1331 2598 remanere

99 2656 194 2716 debet
225 2675 283 2735 pro
312 2655 432 2715 vasaln.
537 2655 775 2715 hlonasterium
808 2676 884 2715 reru
912 2657 1014 2716 sancti
1041 2655 1181 2716 Zenonis
1206 2654 1332 2715 eteius

101 2771 271 2850 hospitalis
293 2785 323 2830 et
349 2772 489 2850 prel'acta
525 2771 613 2851 plebs
642 2786 671 2831 et
695 2791 807 2830 omnes
829 2792 942 2831 eorum
968 2772 1126 2842 homines,
1151 2772 1207 2850 qui
1232 2769 1331 2830 modo

101 2886 254 2946 habitant
280 2885 329 2945 rel
354 2885 578 2946 habitaverint
602 2906 699 2965 supra
724 2886 818 2956 illud,
841 2889 927 2966 quod
953 2907 1067 2947 eorum
1090 2901 1135 2946 est
1160 2886 1191 2946 in
1216 2905 1332 2966 supra·

99 3004 217 3082 scripta
242 3018 344 3070 curte,
367 3004 485 3063 debent
511 3004 628 3064 habere
651 3004 817 3064 licentiam
836 3019 866 3063 et
885 3019 1078 3085 potestatem
1102 3004 1272 3064 auferendi
1293 3025 1331 3065 ea

100 3119 187 3198 ligna
211 3139 272 3198 que
296 3119 407 3197 aliquo
442 3120 538 3179 modo
561 3121 604 3178 cis
628 3123 819 3179 neccessarie
844 3120 909 3180 sint
934 3120 972 3179 de
996 3120 1184 3179 nemoribus
1216 3139 1332 3199 supra·
1374 3115 1377 3121 ’

98 3235 216 3313 scripte
239 3234 350 3303 curtis,
374 3235 412 3293 ad
437 3255 550 3294 eorum
576 3239 706 3314 negocia
742 3250 886 3305 tantum,
910 3237 954 3296 ita
979 3235 1066 3316 quod
1100 3256 1164 3296 non
1189 3235 1331 3297 debeant

100 3350 249 3420 rendere,
273 3370 376 3429 neque
400 3350 533 3419 donare,
558 3352 616 3410 hoc
642 3351 748 3419 motin,
771 3352 794 3409 si
820 3352 1008 3411 invenerint
1032 3372 1067 3412 ea
1085 3353 1184 3431 ligna,
1207 3372 1270 3431 que
1286 3353 1332 3411 eis

100 3465 274 3524 necessaria
302 3465 435 3534 luerint,
457 3480 548 3526 extra
573 3482 721 3544 uariatum
749 3468 797 3526 rel
823 3469 1005 3545 regulatam
1024 3467 1166 3546 accipere
1190 3467 1330 3540 dehent;

99 3581 148 3638 sin
174 3595 294 3650 irritem,
319 3583 350 3638 in
379 3581 527 3655 inparata
554 3583 601 3641 rel
627 3583 774 3662 regulata
800 3584 942 3661 accipere
965 3584 1177 3651 clebcnt,sine
1200 3596 1332 3642 contra-

100 3699 243 3758 dictione
255 3698 466 3777 suprascripti
482 3700 700 3767 concluctoris,
713 3720 913 3779 suorumque
926 3701 1233 3780 gtrnlclemanorum.
1286 3699 1333 3758 Si·

101 3815 221 3873 militer
246 3815 393 3874 homines
423 3824 461 3874 de
485 3815 604 3874 Gurdo
633 3816 784 3876 Ferrario
808 3824 863 3887 (ι’),
893 3818 949 3894 qui
975 3816 1071 3875 modo
1100 3815 1253 3875 habitant
1279 3816 1331 3875 rel

101 3951 158 4009 pro
183 3930 303 3989 suturis
328 3931 530 4011 temporibus
556 3932 756 3991 habitabunt
779 3953 877 4012 supra
902 3932 983 3992 illud
1001 3933 1038 3991 ele
1054 3947 1167 3992 sancto
1187 3932 1332 4001 Zenone,

98 4046 231 4096 eandem
260 4061 450 4096 rantes-tntum
477 4047 639 4096 lucidandi
666 4050 751 4096 liorrtr
779 4051 809 4096 in
835 4048 1063 4096 cirin-:raeinrie
1088 4048 1275 4096 mmm-ihu<
1298 4063 1331 4096 et
