2858 4792
620 452 690 494 noc.
714 452 837 494 xxxrv:
864 434 938 512 1259
1353 433 1390 496 85

148 667 260 728 mines
274 682 306 729 et
322 667 469 748 Populus
491 666 620 728 Verone
642 679 673 728 et
695 667 808 728 omnes
823 666 862 728 de
875 667 943 747 ipsa
957 665 1124 730 Contione
1139 671 1344 734 unanimiter
1358 685 1391 732 et

146 779 373 851 concorditer,
395 779 526 841 nemine
547 778 806 850 contradicente,
830 778 988 850 lecerunt,
1014 782 1262 845 constituerunt
1284 800 1317 847 et
1339 805 1392 848 or·

147 896 360 958 dinaverunt
381 895 555 958 dominum
591 893 775 956 Henricum
808 894 950 956 iudicem
973 894 1012 958 de
1034 896 1066 958 la
1090 895 1179 960 Bella
1211 900 1390 974 absentem,

146 1027 184 1075 et
205 1013 360 1075 dominos
381 1012 518 1074 Petrum
542 1012 693 1074 Mucium
715 1011 754 1074 de
778 1012 911 1074 Marciis
932 1026 964 1074 et
988 1013 1195 1096 Rugerinum
1220 1017 1259 1078 de
1275 1017 1392 1078 Lame-

148 1128 208 1189 riis
231 1143 405 1210 presentes,
419 1147 495 1190 suos
508 1141 613 1190 certos
627 1129 778 1201 sindicos‚
793 1141 928 1201 actores,
941 1131 1081 1192 nuncios
1101 1145 1133 1193 et
1149 1147 1300 1213 procurat

144 1245 333 1322 secundum
355 1245 444 1325 quod
469 1245 585 1306 melius
602 1245 711 1306 valere
726 1258 873 1325 possunt,
888 1245 929 1306 ad
945 1246 1167 1318 tractandam,
1191 1246 1304 1308 faciam

146 1360 381 1441 complendam
405 1373 436 1423 et
458 1359 669 1432 firmandam,
698 1359 833 1422 nomine
854 1373 886 1422 et
909 1360 979 1423 vice
1001 1361 1200 1429 Communis

147 1497 234 1539 num
259 1476 399 1549 Verone,
420 1496 532 1558 pacem
555 1476 655 1539 finem
678 1475 899 1538 remissionem
918 1490 949 1538 et
965 1478 1175 1541 concordiam
1192 1498 1228 1540 cu

147 1593 248 1654 muni
270 1606 303 1656 et
326 1593 529 1656 Hominibus
551 1594 691 1656 Mantue
720 1595 771 1655 vel
800 1613 876 1655 cum
905 1613 1020 1656 eorum
1042 1594 1186 1668 sindicis,
1211 1615 1227 1656 a

144 1731 205 1772 seu
229 1711 504 1793 procuratoribus
519 1711 560 1772 ad
577 1709 637 1772 hoc
652 1711 835 1793 specialiter
858 1711 1050 1773 constitutis
1066 1731 1122 1773 seu
1138 1713 1283 1774 constitu

143 1826 331 1889 secundum
355 1841 503 1890 tenorem
525 1841 557 1890 et
580 1827 722 1890 formam
745 1828 992 1909 capitulorum,
1010 1848 1074 1909 que
1095 1840 1173 1890 sunt
1197 1828 1267 1892 hec.

231 1942 275 2022 [Ι]
298 1942 421 2016 Primo,
443 1943 532 2025 quod
566 1943 605 2004 de
633 1943 789 2005 omnibus
821 1943 964 2016 iniuriis,
997 1943 1194 2016 homicidiis,
1216 1944 1304 2006 incer

145 2059 288 2141 rapinis,
309 2059 538 2122 invasionibus
559 2073 590 2121 et
613 2060 769 2122 omnibus
783 2060 856 2121 aliis
871 2059 990 2121 dannis
1004 2079 1060 2122 seu
1079 2058 1256 2132 maleficiis,
1272 2084 1276 2120 t

144 2177 329 2250 occasione,
351 2167 429 2239 binc
450 2192 540 2241 retro
562 2197 579 2240 a
604 2178 799 2240 Mantuanis
820 2191 936 2239 contra
964 2177 1165 2240 Veronenses
1187 2190 1218 2237 et
1241 2196 1258 2238 a

144 2293 307 2356 mensibus
328 2308 443 2357 contra
462 2295 663 2357 Mantuanos
679 2294 858 2356 commissis
880 2295 914 2355 in
931 2293 1026 2356 dictis
1048 2306 1080 2355 et
1105 2293 1207 2363 factis,
1222 2293 1288 2354 sive

145 2429 228 2490 pore
251 2410 348 2492 pacis,
376 2412 443 2474 sive
470 2425 618 2493 tempore
646 2431 763 2492 guerre
784 2418 845 2488 (a),
867 2412 917 2473 vel
941 2424 1089 2492 treugue,
1113 2410 1236 2472 faciant

143 2527 293 2590 invicem
315 2536 508 2608 perpetuam
531 2547 654 2610 pacem,
677 2528 774 2590 finem
799 2541 830 2590 et
855 2527 1087 2589 remissionem.

231 2643 291 2725 [ΙΙ]
316 2644 398 2706 ltem
421 2645 510 2725 quod
532 2663 645 2706 omnes
667 2645 754 2725 capti
777 2644 951 2725 utriusque
979 2643 1125 2704 civitatis
1146 2655 1178 2704 et
1204 2640 1236 2702 d·

142 2781 161 2821 a
189 2778 399 2840 quacumque
421 2779 559 2840 persona
583 2772 772 2830 teneantur,
795 2779 854 2840 pro
876 2758 1046 2820 communi
1070 2759 1120 2818 vel
1143 2757 1228 2818 divis

140 2875 377 2937 dimittantur.

229 2989 308 3070 [ΙΙΙ]
331 2991 412 3053 ltem
428 2991 517 3072 quod
544 2990 732 3054 Commune
751 2992 889 3053 Mantue
911 3005 1064 3052 teneatur
1081 2990 1158 3052 dare
1173 3009 1251 3070 opet

141 3125 248 3188 posse,
270 3107 358 3186 quod
380 3107 541 3168 carcerati
565 3107 777 3178 Veronenscs,
799 3107 857 3188 qui
879 3121 956 3168 sunt
979 3121 1010 3168 et
1033 3107 1206 3168 detinentu

139 3238 214 3285 tate
237 3222 401 3285 Cremone
415 3237 448 3285 et
463 3223 531 3285 eius
547 3224 711 3297 districtu,
728 3226 779 3285 vel
796 3225 885 3296 alibi,
903 3225 1095 3285 relaxentur
1110 3237 1142 3284 et
1161 3234 1224 3282 rest

140 3339 329 3402 Communi
348 3353 378 3400 et
393 3338 596 3400 Hominibus
623 3339 764 3401 Verone.
867 3342 909 3401 Et
932 3353 1087 3401 econtra
1112 3338 1172 3398 Cor

139 3474 226 3516 rone
248 3468 401 3516 teneatur
424 3455 502 3517 dare
524 3475 656 3536 operam
681 3475 740 3536 pro
764 3476 862 3537 posse,
892 3457 980 3537 quod
1010 3457 1168 3517 carcerati

138 3572 203 3652 qui
225 3585 304 3632 sunt
326 3585 357 3632 et
378 3572 572 3633 detinentur
594 3573 629 3633 in
653 3574 788 3634 civitate
811 3575 975 3636 Cremone
997 3588 1028 3634 et
1051 3573 1119 3634 eius
1141 3597 1148 3631 ι

137 3687 236 3759 alibi,
259 3688 450 3750 relaxentur
466 3702 497 3750 et
515 3689 736 3750 restituantur
760 3692 941 3751 Communi
961 3705 993 3751 et
1011 3690 1096 3750 Hom

226 3803 301 3884 [ΙΙΙ]
324 3805 406 3866 ltem
429 3806 518 3886 quod
541 3807 652 3868 omnia
677 3821 707 3868 et
731 3808 859 3887 singula
884 3807 1020 3887 privileg

136 3922 218 4002 gule
236 3921 456 3984 concessiones
470 3935 501 3983 et
519 3921 743 3983 iurisditioncs
765 3925 941 4004 impetrate
959 3924 1008 3983 vel

136 4055 245 4099 mune
267 4036 407 4098 Mantue
435 4037 486 4098 vel
515 4039 595 4098 alias
622 4040 805 4118 singulares
835 4060 988 4120 personas

133 4151 296 4215 districtu
319 4167 434 4215 contra
466 4154 665 4226 libertatem,
695 4156 854 4217 bonorem
883 4172 914 4217 et
943 4172 988 4217 sta

133 4269 231 4330 cium
254 4266 452 4329 Communis
476 4269 605 4331 Veroue
627 4285 658 4331 et
682 4271 750 4331 eius
772 4272 941 4332 districtus
963 4293 988 4332 sc

135 4383 205 4448 loci
229 4383 373 4444 eiusdem
397 4385 567 4445 districtus
590 4386 636 4460 (h)
660 4389 709 4447 vel
733 4402 848 4448 contra
872 4388 988 4467 singula

200 4570 239 4624 (a)
253 4571 274 4611 Α
287 4572 320 4612 vel
336 4585 421 4624 guerre.
438 4573 472 4613 La
488 4577 614 4614 corrutone
629 4576 711 4612 rindm
726 4575 768 4613 dol
777 4575 894 4624 carismata
910 4576 944 4614 cni
956 4577 988 4614 dm

137 4647 192 4688 doc.
207 4655 301 4694 jonov.
316 4655 370 4696 1159
385 4646 456 4694 quisi
468 4648 597 4695 aggr'mrgc:
619 4647 742 4685 districtus:
759 4647 798 4686 cler
812 4660 893 4684 irrrrnrn
908 4648 930 4685 in
947 4661 986 4697 que
