2850 4776
576 458 665 501 noce.
689 459 740 500 rvr
764 459 783 500 u
805 459 892 500 ivn:
919 439 993 520 1289
1339 461 1392 514 211

249 671 319 750 Ego
330 668 553 731 Bonacursius
568 669 608 731 de
624 669 804 732 Pentrasiis
817 669 902 732 sacri
919 671 1037 751 palacii
1054 673 1214 744 notarius,
1237 692 1303 734 una
1320 691 1395 734 cum

168 784 380 866 infrascripto
402 784 500 846 Petro
524 786 657 848 notario
679 786 887 848 autenticum
922 785 1020 848 buius
1042 789 1183 868 exempli
1206 788 1290 860 vidi,
1313 789 1400 868 legi,

169 901 354 1009 auspultavi
376 913 408 962 et
430 900 615 982 exemplavi
635 900 786 973 fideliter,
810 903 855 963 nil
879 902 1009 975 addens,
1032 905 1194 976 minuens,
1220 905 1308 986 quod
1329 924 1400 966 sen-

165 1037 239 1079 sum
262 1017 312 1078 vei
333 1018 532 1080 sententiam
566 1033 684 1090 mutet,
718 1019 779 1080 nisi
804 1020 912 1082 forsan
936 1021 970 1081 in
991 1021 1187 1082 sillabarum
1210 1022 1260 1082 vel
1283 1021 1400 1084 dictio·

169 1145 250 1187 num
273 1126 513 1206 compositione
534 1139 566 1188 et
582 1127 623 1188 ad
647 1127 806 1189 maiorem
822 1127 1111 1191 confirmationem
1136 1149 1186 1191 me
1208 1148 1283 1190 curn
1305 1129 1399 1209 signo

168 1263 241 1303 meo
261 1242 434 1323 subscripsi
458 1242 497 1304 de
520 1244 678 1305 mandato
700 1257 732 1306 et
755 1245 954 1307 auctoritate
976 1245 1103 1306 domini
1127 1245 1250 1326 Philipi
1349 1250 1399 1318 (α)

167 1361 206 1421 de
230 1358 379 1422 Bononia
403 1360 520 1422 iudicis
541 1375 572 1422 et
595 1362 758 1423 assessoris
787 1362 914 1424 domini
944 1361 1035 1425 Petri
1064 1363 1102 1424 de
1128 1362 1397 1424 Carbonensibus

168 1477 307 1538 Mantue
331 1479 511 1557 potestatis,
532 1479 584 1538 die
607 1479 723 1539 martis
738 1479 909 1560 vigessimo
931 1482 1032 1541 tercio
1048 1479 1190 1559 augusti,
1213 1480 1247 1539 in
1271 1478 1398 1559 palacio

168 1609 256 1653 novo
279 1590 439 1654 Comunis
462 1593 609 1665 Mantus,
634 1596 837 1675 presentibus
870 1594 1071 1676 Pasqualino
1100 1594 1239 1656 condam
1269 1593 1397 1655 domini

168 1707 320 1771 Castioni
351 1709 515 1791 paliparii‚
539 1710 744 1772 Dadeamato
772 1711 810 1773 de
840 1711 1008 1773 Salvatico
1030 1726 1061 1772 et
1091 1710 1227 1772 Florido
1249 1710 1398 1792 magistri

167 1825 351 1907 Bonapacis
374 1826 511 1888 notariis
532 1842 564 1889 et
587 1828 659 1889 aliis
680 1828 781 1890 etiam
814 1830 948 1910 rogatis,
979 1829 1141 1890 milesimo
1173 1829 1399 1890 ducentesimo

166 1941 389 2021 octuagesimo
411 1962 509 2015 non0,
531 1943 698 2006 indicione
719 1945 869 2006 secunda.

250 2057 319 2137 Ego
340 2056 456 2119 Petrus
477 2059 617 2121 condam
640 2060 766 2121 domini
790 2060 950 2122 Leonuxii
983 2061 1021 2122 de
1045 2059 1195 2120 Dominis
1216 2060 1261 2140 (ἲ)
1284 2073 1400 2121 auten-

166 2174 271 2234 ticum
305 2173 443 2253 predicti
465 2177 604 2256 exempli
628 2196 716 2237 unaa
740 2196 814 2237 cum
838 2176 986 2256 predicto
1019 2175 1221 2236 Bonacursio
1244 2174 1398 2245 notari0,

167 2289 248 2359 vidi,
271 2289 343 2369 legi,
365 2303 396 2352 et
419 2292 586 2353 axcultavi
609 2306 640 2354 et
674 2293 712 2354 de
743 2293 901 2355 mandato
924 2293 1003 2353 dicti
1034 2292 1150 2352 iudicis
1173 2293 1212 2352 ad
1240 2291 1399 2353 maiorem

166 2404 413 2469 roborationem
438 2427 488 2469 me
509 2409 693 2491 subscripsi,
716 2410 802 2471 dicta
826 2411 887 2482 die,
911 2410 992 2479 loco,
1015 2422 1105 2480 teste,
1128 2423 1159 2469 et
1183 2408 1352 2469 milesim0.

252 2613 406 2693 Seguono
421 2614 450 2672 le
465 2612 722 2693 autenticaqioni
743 2612 795 2674 dei
817 2615 907 2674 notai
929 2614 1125 2675 Benedictus
1144 2612 1270 2672 domini
1295 2611 1401 2671 Petre-

164 2726 231 2789 tini
254 2727 293 2788 de
316 2727 468 2789 Mateldis
489 2731 571 2789 sacri
595 2729 711 2809 palacij
737 2731 889 2790 notarius
910 2750 926 2791 e
950 2730 1153 2791 Antoniolus
1182 2727 1321 2788 condam
1346 2728 1401 2787 do-

164 2843 252 2906 mini
287 2843 420 2905 Rizardi
453 2845 491 2904 de
523 2845 626 2920 Misco
648 2845 692 2920 (Ῥ)
720 2848 778 2906 che
810 2848 1028 2907 trascrissero
1062 2846 1267 2906 autenticum
1303 2843 1402 2903 buius

162 2960 319 3040 exempli,
336 2980 399 3041 per
416 2961 532 3020 ordine
555 2961 589 3020 cu·
611 2962 750 3022 Romano
773 2961 815 3022 da
832 2963 965 3042 Reggio
980 2963 1115 3044 giudice
1137 2983 1152 3022 o
1175 2978 1344 3020 assessore
1367 2959 1402 3018 di

168 3076 312 3155 Corqeta
345 3075 386 3135 da
418 3076 670 3136 Montemellono
694 3075 831 3156 podestti
862 3078 895 3136 di
920 3078 1079 3138 Mantum
1104 3079 1128 3137 il
1154 3096 1194 3136 12
1217 3085 1286 3135 sett.
1313 3093 1400 3152 1524

163 3192 220 3251 nel
235 3191 381 3272 palazzo
405 3192 534 3252 vecchio
558 3191 609 3252 del
636 3193 778 3252 (jonume
801 3193 835 3252 di
858 3194 1027 3254 Mantum.

220 3415 258 3469 (a)
275 3415 364 3456 Lacuna
379 3417 401 3456 t'n
417 3417 443 3457 Α.

735 3681 837 3741 LVII.

240 3885 285 3940 La
304 3903 380 3956 pace
399 3888 446 3940 ssa
466 3886 621 3952 Mantum,
642 3887 801 3940 Veronae
824 3888 831 3940 i
853 3887 892 3939 da
912 3886 1005 3941 Sesso
1028 3888 1066 3940 du
1088 3905 1147 3941 una
1168 3896 1264 3957 parto,
1285 3888 1402 3958 chgio

166 3995 332 4062 dall’altra,
350 3999 367 4049 ὲ
388 4003 591 4050 rammcntata
611 3995 691 4062 dagli
713 3996 791 4049 abur.
812 3995 915 4056 irunt,
936 3997 980 4055 30,
1001 3996 1058 4048 cbo
1079 4014 1116 4048 uo
1139 3996 1266 4066 pariano
1284 4005 1365 4048 sotto
1381 3998 1402 4049 il

168 4123 203 4158 12
224 4120 327 4157 marzo
349 4103 424 4171 1289.
454 4102 564 4156 Subito
585 4104 666 4171 dopo
689 4103 719 4155 cli
741 4111 849 4172 questa
880 4121 953 4173 pace
983 4108 1066 4172 segni
1091 4102 1110 4155 il
1138 4104 1335 4156 matrimonio
1356 4112 1402 4156 tra

166 4211 285 4268 Obizzo
306 4209 411 4264 d'Estc
432 4227 448 4263 c
463 4211 612 4264 Costanza
627 4210 709 4278 tigliu
724 4211 752 4262 (li
768 4211 897 4263 Alborto
919 4210 1000 4263 cic-lla
1015 4210 1113 4277 Scala,
1127 4228 1214 4264 come
1228 4212 1339 4264 dicono
1361 4211 1400 4279 gli

166 4319 249 4373 sitan.
268 4317 374 4379 ailant„
396 4317 414 4371 l.
435 4336 468 4385 cu,
499 4318 618 4370 uoncb‘c
648 4318 667 4369 il
691 4316 853 4370 (bromton
882 4318 1060 4370 l'nbwiuum
1093 4318 1204 4371 Codicis
1233 4319 1403 4372 Fctt‘tmnsis

166 4428 289 4496 (presso
301 4423 448 4490 Bonum,
461 4423 520 4478 Lib.
536 4423 607 4490 It‘rg.
623 4423 706 4485 Pori„
722 4441 750 4492 p.
767 4429 837 4492 179),
854 4424 873 4475 il
889 4424 980 4493 qualo
995 4424 1061 4476 anzi
1075 4426 1239 4494 aggiungc,
1254 4424 1403 4494 parlando

168 4534 222 4588 dei
244 4533 304 4586 due
324 4531 473 4602 principi:
499 4537 553 4584 “et
574 4531 643 4583 tacti
667 4539 739 4583 suut
759 4532 850 4584 amici
866 4572 888 4599 .‚.
919 4535 1016 4602 Supra
1037 4532 1055 4584 il
1080 4533 1276 4586 rnatrimouio
1298 4533 1326 4585 di
1351 4532 1404 4585 Co-

168 4651 280 4695 stanza
300 4639 448 4693 dovremo
470 4639 622 4692 ritornare
644 4638 673 4690 in
695 4655 852 4708 apprtsso.
