2874 4748
441 493 611 536 RELAZIONI
633 495 695 535 Fun
717 494 845 536 VERONA
869 495 887 534 E
911 494 1062 536 itnxrovn

179 709 225 788 [2]
251 708 330 770 Item
345 709 433 789 quod
451 709 675 789 regratiamur
698 708 850 790 predictis
864 709 1007 770 dominis
1029 708 1202 781 Potestati,
1218 713 1289 770 An-

59 824 169 895 tinnis,
192 825 404 906 Sapientibus
415 839 450 887 et
463 814 608 888 Comuni
624 825 786 906 Pergami,
800 845 897 908 super
914 845 950 888 eo
962 824 1050 907 quod
1073 826 1226 906 equidem
1243 827 1288 900 (ἲ)

59 956 215 1023 reputant
236 963 267 1003 se
289 942 439 1003 astrictos
466 955 498 1004 et
526 943 688 1023 obligatos
715 963 829 1005 eorum
854 943 1065 1024 beneplacitis
1090 956 1122 1004 et
1143 941 1290 1004 servitiis

57 1075 89 1121 et
111 1061 199 1140 quod
221 1061 261 1122 ad
284 1081 320 1122 ea
345 1060 492 1122 facienda
507 1075 538 1123 et
554 1061 748 1141 explicanda
771 1062 915 1123 offerunt
930 1082 961 1123 se
975 1075 1119 1143 paratos,
1142 1062 1289 1122 dicentes

59 1179 158 1239 verba
182 1178 237 1238 illa
260 1177 330 1239 sine
352 1178 454 1239 dubio
475 1178 517 1238 ab
539 1178 666 1239 intimis
688 1179 794 1239 cordis
816 1178 972 1260 profecta,
995 1178 1106 1258 potius
1127 1197 1144 1237 a
1169 1177 1289 1239 libera-

54 1297 151 1357 litate
174 1311 205 1358 et
229 1295 440 1358 humanitate
463 1296 743 1377 pergamensium,
765 1316 865 1377 quam
889 1296 1113 1376 predictorum
1131 1295 1289 1356 Domino

59 1432 133 1473 rum
156 1411 195 1473 de
219 1412 359 1472 Mantua
381 1411 507 1472 meritis
529 1415 713 1492 provenire,
735 1431 940 1492 quamquam
964 1432 980 1472 e
1002 1425 1118 1472 contra
1140 1431 1171 1471 se
1195 1429 1289 1491 repu·

58 1541 182 1590 tentet
206 1527 246 1588 ad
268 1527 353 1589 idem
376 1547 469 1588 suam
492 1529 632 1589 offerant
656 1528 858 1590 facultatem.

178 1645 223 1724 [3]
248 1645 348 1718 Quod
371 1658 480 1706 autem
494 1646 517 1705 si
532 1646 737 1726 contingeret
754 1645 881 1726 aliquos
896 1644 1100 1707 adversarios
1123 1641 1289 1703 Comunis

60 1761 210 1842 Pergami
233 1764 266 1821 in
289 1761 441 1822 districtu
465 1761 625 1822 Comunis
655 1762 811 1833 eiusdem,
843 1760 932 1842 quod
966 1760 1052 1822 Deus
1074 1770 1215 1830 avertat,
1238 1757 1290 1818 in-

60 1890 157 1947 trare,
180 1879 304 1959 possint
327 1877 390 1937 isto
412 1891 558 1958 tempore
581 1878 659 1937 dieti
685 1877 818 1938 Domini
844 1877 1020 1938 Mantuani
1043 1875 1133 1955 quod
1160 1873 1286 1954 petitur

60 1993 248 2074 adimplere,
272 2007 356 2053 recte
380 1992 588 2054 intuentibus
613 2014 677 2054 non
703 1994 845 2064 videtur,
867 2014 904 2053 ex
924 2013 961 2054 eo
975 1992 1096 2053 scilicet
1119 1990 1207 2071 quod
1230 1989 1289 2050 do-

60 2111 169 2171 minus
191 2109 347 2169 Albertus
369 2109 408 2170 de
432 2110 461 2169 la
486 2110 590 2181 Scala,
617 2131 692 2171 cum
723 2130 789 2190 quo
819 2122 947 2170 constat
971 2109 1054 2188 ipsos
1079 2127 1143 2167 esse
1165 2105 1290 2175 unitos,

60 2227 147 2286 misit
170 2239 201 2286 et
225 2225 323 2285 habet
356 2225 395 2285 nd
427 2240 553 2305 partem
587 2227 801 2298 contrariam,
825 2239 903 2306 puta
938 2226 972 2285 in
994 2224 1129 2284 servitio
1159 2223 1289 2284 domini

59 2339 234 2420 Capitanei
259 2339 521 2411 Mediolanensis,
544 2343 595 2401 cui
618 2341 790 2402 affinitatis
814 2342 948 2402 vinculo
977 2339 1133 2410 nectitur,
1155 2351 1289 2418 gentem

58 2477 162 2527 suam,
184 2471 299 2517 contra
322 2475 422 2537 quam
445 2477 521 2517 sane
546 2458 723 2518 Mantuani
748 2459 878 2518 mittere
908 2470 1038 2537 gentem
1069 2456 1119 2516 vel
1144 2467 1291 2535 prestare

57 2575 199 2635 subsidia
224 2594 290 2634 non
312 2574 450 2644 deceret,
465 2574 545 2654 quin
563 2589 665 2654 posset
683 2575 815 2635 unionis
830 2575 948 2635 offense
964 2573 1114 2633 convicio
1137 2572 1292 2650 irrogari,

58 2691 141 2750 sicut
164 2688 366 2749 instantibus
388 2688 510 2758 amicis,
528 2703 606 2768 puta
623 2690 758 2749 domino
776 2689 986 2749 Manl'redino
1008 2703 1038 2748 et
1063 2686 1208 2747 Comuni
1230 2685 1291 2745 Pa-

60 2809 120 2888 pie,
144 2806 206 2867 l'uit
240 2827 294 2886 per
326 2807 430 2868 dictos
455 2807 612 2866 Dominos
646 2827 711 2867 non
736 2807 870 2886 indigne
894 2825 1094 2886 responsum.
1177 2803 1290 2864 Aliter

59 2939 181 2994 autem,
203 2927 228 2984 si
253 2943 300 2982 res
322 2924 481 2984 discordie
500 2944 573 2983 cum
592 2925 663 2984 aliis
678 2925 865 2993 haberetur,
889 2924 967 2983 dicti
991 2922 1118 2982 domini
1140 2921 1179 2980 de
1198 2921 1291 2980 llan-

60 3056 116 3101 tua
141 3039 411 3119 pergamensibus
428 3041 465 3099 de
480 3059 646 3110 succursu,
669 3040 706 3099 de
730 3039 864 3099 consilio
880 3055 911 3100 et
941 3039 1052 3098 favore
1075 3054 1287 3115 nequaquam

59 3158 213 3227 deessent,
236 3172 280 3216 set
305 3157 344 3215 nd
368 3156 590 3216 defensionem
621 3157 720 3235 ipsius
749 3155 909 3215 Comunis
932 3168 962 3214 et
986 3152 1187 3212 iniuriarum
1213 3169 1290 3230 pro-

61 3272 241 3352 pulsionem
268 3271 301 3330 in
327 3269 523 3330 fortitudine
545 3290 652 3329 secum
675 3284 811 3338 starent,
837 3283 1008 3348 tamquam
1032 3265 1291 3327 cumfratribus

60 3404 90 3450 et
115 3389 237 3449 amicis,

143 3507 216 3565 Dat.
242 3506 389 3575 Maritue,
411 3505 461 3564 die
485 3505 651 3565 dominico
675 3526 740 3563 xru
766 3504 853 3581 maij.

657 3767 698 3806 10.

150 3905 282 3981 strip-gio
310 3924 325 3962 2
331 3925 358 3980 5.
385 3941 427 3946 -
459 3906 491 3962 ll
522 3905 677 3983 Capitolio
701 3904 901 3984 (llardcllonc
926 3904 1118 3970 lloucrccolsi)
1147 3903 1293 3981 riserisce

59 4038 151 4108 sopra
169 4034 278 4089 alcime
298 4034 452 4088 [rossanen
470 4032 505 4088 dr·
519 4033 590 4104 lega
609 4034 736 4090 r'm'siale·
752 4031 812 4108 flu
837 4033 975 4089 tissone
1003 4029 1100 4109 Vlll)
1134 4031 1293 4090 triarchese

60 4153 86 4214 rl'
105 4157 184 4218 Issit.
215 4177 230 4214 r:
256 4160 268 4213 ι’
290 4157 427 4230 Sigillari
455 4158 490 4215 di
513 4157 673 4226 sllunlova,
698 4154 856 4234 perlonflni
885 4157 1104 4232 Poluuignono
1128 4157 1253 4226 Anzate,
1271 4178 1291 4215 a

61 4302 148 4339 πουτί
172 4283 223 4339 del
250 4283 277 4340 C
277 4285 412 4359 apriano,
431 4285 517 4341 erasi
538 4290 636 4341 recolo
660 4289 807 4360 appresso
829 4284 865 4340 al
886 4283 1047 4350 uenirlzese,
1074 4282 1099 4338 il
1120 4282 1213 4358 qrcale
1232 4285 1297 4359 poi

60 4425 156 4463 ‹reeuo
174 4406 318 4462 tricandum
334 4406 436 4463 lellere
453 4426 471 4462 a
490 4425 591 4463 raresco
608 4406 659 4462 del
668 4407 879 4481 pratariolam
898 4405 1067 4470 lr'amcccio,
1086 4403 1294 4462 dz'claez'crrando

59 4531 111 4588 clar
128 4532 211 4588 volta
226 4533 393 4588 rr‘nuouore
410 4528 432 4588 Γ
442 4534 545 4588 aternu
563 4533 709 4588 artemisia
726 4534 774 4588 coi
789 4532 976 4598 lionorrolsi,
991 4549 1172 4589 consenuere
1189 4534 1296 4606 praesti

66 4658 114 4680 ...⁴¹
140 4659 196 4680 1.⁷.
232 4657 357 4680 .l.⁷...'ff'⁴'
388 4676 393 4680 .
426 4658 452 4679 Γ
479 4659 520 4680 Ἤ·
613 4659 698 4680 '7¹7'
762 4664 768 4680 ι
860 4659 895 4680 ΙΙ
