2850 4776
103 464 163 524 256
408 481 577 523 RELAZlON!
601 483 659 522 Fan
682 483 810 523 VERONA
833 483 854 521 E
876 482 1026 524 unumve

102 697 220 782 linetae
243 695 276 762 di
300 696 479 783 Morndegn.
547 696 578 761 Il
594 696 666 784 filio
689 696 818 762 annuale
840 699 924 762 vieno
945 696 1079 764 stabilito
1101 699 1136 762 in
1158 696 1219 762 due
1243 696 1338 764 libore

41 849 42 914 j
102 820 135 885 di
154 832 229 908 pepe
244 821 283 886 do
301 822 433 910 pagensi
454 819 519 885 nlla
536 820 618 946 posto
634 820 668 885 di
691 820 720 887 S.
739 820 854 888 Zenone
870 823 903 886 in
918 823 1038 910 rnoggio
1055 819 1151 911 (sic).
1233 823 1333 888 Mne-

41 935 42 992 Ϊ
100 960 163 1011 stru
176 947 272 1012 Leone
284 959 387 1033 presta
402 949 589 1032 giurnrnnzto
606 947 640 1011 ui
649 947 776 1033 fetialia,
793 959 945 1034 outepuslo
957 946 1094 1034 peraltro
1111 947 1333 1036 l'itepefntore.

174 1177 285 1236 Cnnra
310 1197 403 1237 anoni
428 1197 467 1237 or
492 1197 573 1237 erent
597 1197 744 1238 nnorsrnr
769 1178 891 1239 Leonis
914 1199 1022 1238 nsoter
1047 1199 1087 1239 oa
1113 1178 1257 1240 Manrun

479 1313 519 1352 on
543 1312 745 1353 Possssssion'li
769 1293 953 1355 Moan‘rrco.

184 1515 220 1576 In
245 1515 378 1576 nomine
401 1513 536 1575 Christi.
621 1513 681 1576 Die
703 1515 780 1575 lune
804 1514 977 1576 undecimo
1000 1514 1112 1594 madii.
1197 1515 1232 1576 ln
1256 1536 1334 1576 mo-

102 1633 244 1694 nasterio
266 1633 370 1693 sancti
394 1632 536 1693 Zenonis
558 1632 596 1693 de
619 1632 760 1693 Verona.
854 1633 1021 1694 presentia
1043 1633 1255 1695 dominorum
1278 1635 1334 1695 do·

103 1750 184 1810 nrini
209 1749 300 1810 Pacis
324 1750 452 1810 monaci
474 1749 578 1810 sancti
603 1749 734 1810 Andree
756 1749 794 1810 de
819 1750 968 1820 Mantua,
991 1749 1117 1812 domini
1142 1750 1330 1828 Racomarij

103 1867 255 1946 prepositi
281 1865 404 1926 Montis
420 1865 557 1926 Bellone
581 1865 757 1926 TarvisIne
772 1865 915 1937 diocesis,
927 1865 1054 1928 domini
1071 1865 1175 1927 Marci
1198 1868 1330 1927 monaci

48 2047 53 2056 ,
99 1984 203 2044 sancti
227 1983 331 2056 firmi
354 1997 384 2043 et
409 1982 577 2043 Falconeti
607 1983 728 2043 notarii
752 1972 899 2044 condam'
922 1983 1048 2044 domini
1080 1983 1270 2056 Bonummi,
1293 2000 1326 2046 er

101 2100 253 2160 alliorum
279 2099 422 2160 testium.
525 2098 645 2159 Coram
670 2099 850 2160 venerabili
877 2113 969 2180 patre
992 2099 1128 2161 domino
1153 2099 1241 2183 losep
1266 2100 1327 2162 Dei

99 2218 204 2294 gratia
228 2216 346 2276 abbate
369 2215 447 2275 dicti
472 2214 661 2275 monasterii
695 2216 884 2295 comparuit
909 2217 1062 2296 magister
1092 2217 1221 2278 Leonus
1243 2218 1327 2278 artis

101 2332 259 2392 medicine
282 2331 319 2392 de
343 2332 494 2401 Mantua,
524 2345 635 2411 petens
656 2345 688 2392 et
711 2331 879 2411 requirens
901 2332 942 2391 ab
964 2331 1075 2395 eodem
1105 2332 1241 2394 domino
1272 2335 1329 2394 ab·

103 2451 185 2520 bate,
201 2450 336 2510 nomine
352 2449 431 2510 dicti
449 2448 650 2524 monasterii,
674 2448 903 2510 investituram
928 2448 966 2509 de
981 2469 1040 2510 suo
1057 2464 1144 2510 recto
1167 2449 1275 2521 feudo,
1298 2465 1330 2510 et

100 2564 187 2644 quod
211 2585 284 2625 euni
310 2564 424 2625 debent
449 2564 603 2624 investire
618 2563 657 2624 de
674 2564 891 2645 infrascriptis
908 2567 1001 2626 terris
1016 2581 1048 2626 et
1064 2565 1331 2646 possessionibus,

98 2681 276 2742 seeundum
301 2683 388 2761 quod
413 2695 586 2741 consuetus
608 2696 653 2741 est
678 2697 787 2742 tenere
810 2682 846 2740 in
869 2682 1003 2742 seudum
1026 2697 1057 2742 et
1081 2681 1213 2743 nomine
1237 2683 1330 2743 feudi

99 2819 116 2856 a
141 2797 228 2856 dicto
262 2796 460 2856 monasterio
483 2811 513 2856 et
537 2797 576 2855 ad
599 2796 710 2856 fictum
745 2796 894 2856 anuatinr
928 2795 1015 2857 dicto
1046 2795 1246 2857 monasterio
1268 2798 1331 2857 sol-

100 2915 241 2974 rendunr
260 2914 340 2973 duas
356 2912 455 2972 libras
474 2913 602 2992 piperis.
660 2913 751 2972 Pecie
767 2927 876 2972 autem
895 2927 979 2973 terre
993 2928 1070 2972 sunt
1087 2912 1154 2973 hec.
1212 2911 1331 2973 Primo

99 3050 165 3088 una
190 3031 277 3108 petia
302 3045 387 3089 terre
409 3030 550 3089 oratorie
572 3045 603 3088 et
628 3029 757 3090 vineate
780 3028 1011 3107 quotuodecinr
1028 3029 1105 3102 (sie)
1123 3047 1331 3108 camporum,

100 3146 204 3205 iacens
227 3145 259 3202 in
285 3145 484 3223 pertinentia
513 3145 680 3214 Moratice,
704 3144 736 3203 in
761 3159 846 3205 sorte
868 3145 934 3204 sive
958 3145 1027 3203 loto
1049 3144 1105 3224 qui
1128 3144 1252 3204 dicitur
1278 3144 1331 3205 In-

97 3261 183 3332 sule;
199 3259 328 3318 tolieret
351 3259 377 3318 ei
396 3259 433 3318 de
453 3279 517 3317 una
543 3273 633 3337 parte
656 3259 809 3318 dominus
825 3259 1009 3318 Sairaticus
1025 3259 1063 3320 de
1087 3259 1275 3320 Bonacolsis
1290 3261 1331 3322 de

99 3377 249 3443 Mantua,
273 3376 310 3434 de
334 3375 396 3433 alin
423 3375 508 3433 Aldu
542 3375 628 3434 iilius
662 3375 731 3434 Osti
763 3395 822 3455 pro
852 3375 938 3435 dicto
963 3377 1171 3445 monasterio,
1194 3375 1232 3435 de
1256 3376 1332 3436 aliis

98 3493 247 3572 partibus
271 3492 333 3550 ria.
440 3489 516 3551 Itenr
545 3511 608 3552 una
633 3492 719 3572 petia
755 3507 839 3553 terre
871 3493 1013 3552 asertorie
1046 3493 1142 3552 tutius
1164 3493 1273 3572 campi
1297 3509 1331 3554 et

98 3609 237 3676 dimidii,
261 3609 367 3667 iacens
386 3609 417 3667 in
437 3609 522 3667 dicta
550 3608 669 3677 Insula,
692 3610 730 3668 ne
753 3608 881 3668 duobus
904 3609 1052 3689 partibus
1075 3608 1204 3668 coheret
1227 3609 1255 3670 ei
1273 3611 1331 3671 do-

100 3725 207 3783 minus
231 3723 383 3782 Petrinus
410 3723 448 3781 de
475 3723 658 3782 botiacolsis
688 3724 725 3783 de
758 3725 895 3783 Mantua
926 3743 984 3803 pro
1007 3724 1094 3783 dieto
1118 3729 1330 3795 monasterio,

98 3841 135 3898 tie
159 3842 220 3899 alin
246 3840 308 3897 rin.
395 3840 473 3898 ltent
494 3859 557 3898 rann
576 3841 662 3918 pecin
689 3855 773 3899 terre
797 3842 948 3909 oratorie,
974 3841 1078 3901 iacens
1095 3842 1126 3899 in
1152 3841 1238 3901 dieta
1258 3861 1331 3922 per-

100 3957 253 4026 tinencia,
272 3959 303 4016 in
320 3959 388 4017 ioco
405 3958 527 4016 Montis
542 3957 663 4030 Cuebi;
686 3957 816 4017 tolieret
834 3958 859 4016 ei
878 3958 915 4016 de
934 3958 1038 4017 tribus
1055 3959 1204 4038 partibus
1219 3958 1332 4020 dictus

97 4075 250 4133 dominus
275 4075 427 4134 Petrinus
444 4095 502 4152 pro
519 4075 606 4134 dieto
627 4077 834 4144 monasterio,
851 4076 889 4134 tie
906 4076 968 4134 alia
987 4089 1078 4154 parte
1102 4077 1165 4134 via.
1245 4074 1329 4137 Item

100 4210 163 4248 una
190 4193 275 4266 peria
301 4205 384 4249 terre
409 4191 550 4250 oratorie
567 4206 596 4250 et
618 4191 756 4256 rinente,
774 4213 824 4250 sex
842 4211 1045 4270 ezanrporunr,
1065 4191 1170 4250 iacens
1187 4189 1221 4250 in
1238 4190 1329 4252 dicta

99 4307 299 4385 pertinencia
325 4321 354 4364 et
379 4308 467 4380 loon
500 4307 629 4366 eniteret
654 4308 680 4365 ei
704 4308 810 4366 dictus
847 4308 999 4385 arrianister
1036 4307 1165 4366 Leonus
1194 4305 1235 4366 ab
1260 4325 1329 4367 una

99 4437 199 4502 parte,
222 4423 327 4481 dictus
351 4423 503 4481 dominus
530 4423 680 4481 l‘etrinus
704 4423 743 4480 ab
767 4423 829 4481 alia
856 4443 913 4502 pro
942 4423 1030 4481 dieto
1055 4420 1265 4490 monasteri0‚
1289 4421 1331 4480 de

99 4539 193 4582 turcia
221 4553 313 4582 wirte·
340 4540 471 4582 ΙὲἊκιη-ικ
505 4539 542 4582 Aa
566 4551 681 4582 annoto
709 4540 759 4582 rin
876 4539 942 4582 {tui
966 4538 1119 4582 ritiminrre
1148 4538 1246 4582 :abhas
1271 4557 1332 4582 nn.
