2834 4792
584 487 656 530 noe.
678 487 801 530 xxxin:
828 469 902 548 1259
1328 469 1367 552 75

124 699 321 764 Commune
344 700 506 762 Cremone
528 697 568 760 de
590 698 657 779 ipsa
680 699 816 762 civitate
833 698 943 762 Brixie
958 713 991 761 et
1006 699 1159 762 districtu
1179 701 1302 782 possint
1323 700 1369 764 ia·

124 835 203 878 cere
226 814 386 896 quicquid
409 813 523 884 velint,
551 814 598 876 ita
622 814 711 895 quod
729 813 857 876 domini
880 814 1029 877 marchio
1052 815 1196 878 Estensis
1213 830 1244 877 et
1263 835 1369 878 comes

106 931 264 994 ·Verone
285 944 317 993 et
340 928 541 994 Communia
566 929 705 991 Mantue
737 943 770 992 et
803 929 954 994 Ferrarie
986 943 1017 992 et
1051 929 1163 994 Padue
1189 943 1377 994 teneantur,

125 1047 225 1108 omni
247 1066 307 1110 suo
329 1045 473 1108 exforcio
495 1045 573 1108 dare
594 1065 728 1126 operam
751 1045 792 1106 ad
816 1045 1077 1126 recuperandum
1101 1059 1133 1109 et
1154 1045 1288 1108 eximent

126 1165 170 1228 de
193 1164 344 1226 dominio
359 1175 391 1224 et
407 1175 568 1244 potestate
580 1175 611 1224 et
629 1161 730 1224 forcia
747 1160 863 1242 perfidi
887 1161 1012 1239 Ecelini
1028 1161 1198 1224 civitatem
1217 1161 1280 1223 Bri:

126 1293 162 1340 et
185 1279 299 1340 omnia
315 1279 386 1339 loca
408 1292 440 1342 et
463 1291 567 1342 terras
585 1279 790 1358 episcopatus
811 1290 844 1338 et
865 1276 1035 1340 districtus
1051 1275 1174 1348 Brixie,
1195 1273 1227 1338 et
1251 1296 1288 1340 ea

128 1396 188 1458 nia
211 1393 385 1458 defendere
406 1406 438 1457 et
461 1406 677 1456 manutenere
697 1393 789 1454 omni
805 1411 864 1455 suo
880 1412 969 1474 posse
985 1394 1019 1454 in
1039 1393 1141 1454 forcia
1164 1405 1195 1454 et
1218 1391 1332 1454 domin

129 1509 272 1592 predicti
295 1508 423 1570 domini
446 1507 649 1572 marchionis
678 1507 873 1570 Pellavicini
896 1523 927 1572 et
950 1508 1078 1570 domini
1104 1507 1188 1590 Bosij
1216 1522 1247 1572 et
1270 1507 1369 1572 Com·

129 1626 244 1688 munis
267 1623 440 1696 Cremone,
460 1637 492 1688 et
514 1645 546 1688 se
569 1644 636 1688 non
660 1623 885 1688 intromittere
907 1625 1090 1688 ullomodo
1112 1625 1151 1688 de
1172 1624 1321 1686 dominio
1336 1636 1369 1688 et

126 1741 283 1823 segnoria
303 1741 389 1805 dicte
411 1741 566 1813 civitatis,
587 1760 643 1804 seu
665 1740 880 1824 episcopatus,
903 1742 954 1802 vel
976 1741 1145 1804 districtus
1168 1741 1289 1804 Brixie.

214 1857 291 1938 [Vi]
315 1856 508 1937 item,quod
532 1856 725 1920 Parmenses
740 1857 778 1918 de
794 1871 939 1938 utroque
961 1871 1066 1939 parte,
1086 1858 1113 1919 si
1130 1858 1298 1920 voluerint
1318 1877 1370 1918 ve-

130 1977 204 2038 nire
226 1974 268 2037 ad
291 1973 376 2036 hanc
397 1973 600 2044 societatem,
621 1972 711 2054 quod
735 1973 940 2053 recipiantur
962 1989 993 2036 et
1017 1993 1077 2056 pro
1100 1974 1213 2036 amicis
1235 1986 1371 2036 tenean-

127 2105 198 2162 tur,
220 2103 290 2152 tam
313 2091 355 2152 ab
377 2089 447 2170 ipso
468 2088 606 2154 domino
629 2088 822 2152 marchione
838 2089 1043 2152 Pellavieino
1065 2104 1097 2152 et
1119 2084 1256 2153 domino
1272 2089 1369 2152 Bosio

128 2220 162 2269 et
186 2205 368 2268 Communi
391 2203 566 2278 Cremone,
588 2225 689 2286 quam
707 2226 724 2268 a
740 2205 837 2268 dictis
860 2207 1003 2270 dominis
1026 2207 1218 2270 marchione
1240 2207 1370 2270 Estensi

127 2337 163 2384 et
194 2323 315 2384 comite
337 2321 467 2384 Verone
499 2334 530 2383 et
566 2319 812 2384 Communibus
843 2325 982 2386 Mantue
1014 2337 1046 2384 et
1075 2323 1225 2386 Ferrarie
1252 2337 1283 2384 et
1308 2322 1348 2383 Pa

125 2439 206 2502 due.
293 2452 325 2500 et
336 2439 362 2500 si
374 2439 432 2520 qui
449 2440 560 2500 venire
577 2439 747 2500 noluerint
759 2446 808 2516 (a)
821 2439 861 2500 ad
885 2440 970 2502 hanc
984 2443 1185 2514 societatem,
1206 2440 1295 2521 quod
1309 2460 1340 2521 pr

127 2555 275 2620 inimicis
295 2554 342 2630 (b)
364 2567 544 2618 teneantur
566 2569 598 2616 et
620 2568 809 2618 tractentur
818 2577 826 2632 ;
847 2557 949 2630 salvo,
972 2557 1061 2638 quod
1083 2556 1191 2618 dictus
1212 2556 1320 2618 domir

126 2672 282 2734 marchio
303 2673 448 2736 Estensis
469 2684 500 2732 et
522 2690 629 2734 comes
654 2670 784 2732 Verone
800 2685 831 2733 et
849 2670 1051 2735 Communia
1076 2673 1215 2734 Mantue
1241 2685 1272 2734 et
1296 2672 1304 2733 l

127 2789 219 2852 rarie
241 2801 272 2850 et
294 2787 407 2850 Padue
429 2801 607 2851 teneantur
630 2788 717 2868 quod
740 2790 766 2848 si
789 2789 845 2868 qui
868 2809 907 2850 ex
931 2788 1164 2852 parmensibus
1185 2809 1215 2850 se
1236 2790 1291 2852 reb

126 2904 277 2968 facerent
306 2904 341 2966 in
363 2902 576 2968 offensionem
606 2903 750 2965 eiusdem
780 2903 908 2967 domini
938 2905 1140 2966 marchionis
1170 2905 1304 2966 Peilavii

128 3021 185 3084 vel
209 3019 406 3082 Communis
429 3018 603 3091 Cremone,
626 3018 785 3079 adiuvare
805 3033 836 3081 et
852 3019 1022 3082 defendere
1045 3019 1171 3082 dictum
1194 3021 1304 3082 domin

127 3136 357 3200 marchionem
381 3135 622 3197 Peliavicinum
641 3151 672 3197 et
693 3135 868 3198 dominum
887 3136 1019 3199 Bosium
1042 3151 1073 3198 et
1091 3136 1304 3198 Commune(

125 3273 229 3314 mone
256 3252 335 3315 totis
359 3252 486 3313 viribus
515 3265 614 3332 atque
638 3271 736 3332 posse,
760 3265 791 3313 et
816 3253 951 3314 rebelles
973 3268 1004 3313 et
1027 3253 1227 3314 offendentes
1257 3253 1300 3314 hu

125 3369 220 3432 modi
244 3385 303 3452 pro
323 3368 465 3430 inimicis
488 3367 607 3430 habere
630 3382 661 3430 et
686 3383 816 3441 tenere;
839 3383 870 3429 et
893 3370 985 3430 salvo
1009 3369 1109 3429 verbo
1131 3382 1228 3429 secret

209 3484 303 3564 [Vll]
327 3484 419 3557 item,
432 3484 521 3565 quod
544 3484 639 3546 victis
661 3486 854 3546 civitatibus
879 3485 1017 3554 Vernae,
1038 3483 1228 3558 Vicentie,i

126 3602 152 3662 F
156 3602 238 3666 eltri
259 3614 290 3663 et
313 3601 433 3664 Beluni
455 3615 486 3662 et
509 3601 772 3662 omnibusterris
794 3617 824 3661 et
842 3601 929 3672 locis,
945 3622 1009 3682 que
1032 3616 1189 3663 tenentur
1215 3623 1228 3683 p

125 3720 240 3782 linum
263 3718 302 3780 de
324 3719 477 3781 Romano
500 3732 530 3780 et
555 3718 730 3780 Albricum
754 3725 810 3793 (c),
833 3719 901 3779 sive
922 3739 992 3787 sua,
1014 3720 1081 3779 sive
1105 3720 1147 3778 ali

125 3853 213 3896 rona
237 3853 268 3896 et
292 3834 473 3896 Veronensi
494 3833 647 3896 districtu
664 3849 695 3894 et
713 3834 862 3894 Marchia
879 3834 1061 3906 Trivisina,
1082 3835 1148 3894 solu

122 3963 159 4014 et
183 3949 371 4012 dominium
393 3948 482 4012 dicto
504 3949 641 4010 domino
667 3949 850 4010 marchioni
878 3950 1006 4010 Estensi
1037 3962 1068 4010 et
1091 3968 1148 4009 con

123 4077 340 4128 reserventur
363 4064 470 4136 ineis,
492 4065 525 4126 in
550 4065 671 4144 quibus
703 4064 737 4123 in
773 4063 925 4124 hahendo
953 4064 1072 4143 aliquo«

123 4181 254 4244 nolunt
275 4180 500 4244 intromittere
522 4181 592 4241 ullo
616 4181 713 4242 modo
736 4181 815 4241 dicti
846 4181 973 4240 domini
999 4181 1048 4255 (d)

122 4297 260 4360 vicinus
275 4310 305 4357 et
323 4296 438 4358 Bosius
456 4311 487 4358 et
512 4296 700 4358 Commune
720 4297 894 4365 Cremone,
911 4299 956 4356 ita
973 4297 1062 4375 quud

123 4411 281 4476 marchio
312 4411 534 4475 Pelias-'icinus
567 4429 597 4473 et
633 4414 746 4472 Rosius
769 4420 813 4486 (e)
845 4430 875 4473 et
907 4413 1072 4473 Commun

182 4600 221 4654 (a)
235 4602 254 4640 A
269 4602 391 4648 noluerinr3
408 4602 427 4640 B
443 4601 550 4640 voluerint
594 4601 627 4652 (i)
644 4604 748 4648 inimicis;
766 4603 784 4640 B
798 4603 871 4639 amicis·
922 4602 954 4653 (t)
971 4603 989 4639 B
1003 4607 1070 4640 aurel!

118 4673 198 4712 dietus
215 4669 325 4719 dominus,
342 4671 426 4712 Bdicri
443 4673 522 4711 domini
564 4673 596 4724 (c)
611 4674 630 4710 B
644 4683 664 4710 er
681 4674 779 4711 dominus
797 4674 882 4711 Rosius.
