2858 4792
104 521 158 582 170
408 520 580 562 RELAZlONl
604 522 663 562 FRA
687 523 815 564 VERONA
839 523 858 562 Ε
882 524 1033 563 unsrun

1231 625 1336 634 ——-.--n

98 747 129 809 et
153 753 209 815 per
230 752 445 814 campanenm
470 734 684 812 Godicoliur)
699 749 730 796 et
749 736 965 806 lllontisclari‚
987 754 1088 815 quarn
1111 734 1269 796 directius
1285 757 1336 798 cu·

98 870 168 911 rere
191 849 301 931 possit,
324 849 436 910 Brixia
462 849 638 911 Mantuam
662 864 693 912 et
717 852 858 912 Mantua
882 850 1042 912 Brixiam.

178 965 272 1046 [llll]
297 966 377 1027 Item
400 967 488 1046 quod
514 966 599 1028 dicte
620 981 722 1028 strate
744 968 883 1029 debeant
907 968 1065 1028 custodiri
1090 986 1145 1047 per
1165 965 1333 1028 Comunia

99 1081 322 1163 predictarum
347 1080 536 1143 Civitatum
558 1083 705 1163 expensis
729 1082 875 1164 ipsorum
899 1083 1104 1144 Comunium
1129 1102 1185 1163 per
1207 1084 1335 1157 ·x·(b)

96 1199 319 1259 cavalcatores
340 1205 386 1272 (c)
417 1218 476 1279 pro
498 1199 647 1279 quolibet
670 1197 828 1270 Comuni,
856 1199 913 1279 qui
943 1199 1166 1259 cavalcatores
1191 1199 1334 1260 debeant

99 1314 219 1376 habere
243 1328 307 1376 tres
330 1314 540 1395 Capitoneos,
563 1316 713 1377 videlicet
737 1335 843 1376 unum
875 1335 934 1397 pro
956 1315 1105 1394 qualibet
1132 1315 1279 1387 civitate,
1301 1331 1332 1377 et

98 1433 238 1494 debeant
253 1432 328 1513 eligi
344 1431 423 1492 dicti
440 1431 616 1512 Capitanei
639 1447 669 1493 et
686 1435 908 1493 cavalcatores
924 1452 979 1512 per
997 1431 1177 1493 Potestates
1192 1446 1223 1492 et
1242 1431 1330 1493 Con-

97 1549 182 1609 sules
212 1547 584 1622 Mercadandiarum(d)
614 1550 759 1628 ipsarum
783 1548 971 1619 civitatum,
993 1561 1025 1607 et
1047 1547 1113 1607 sint
1134 1547 1213 1609 dicti
1238 1547 1339 1628 Capi-

99 1665 186 1725 tanei
211 1665 351 1746 eligendi
368 1678 564 1726 mercatores
577 1680 607 1726 et
625 1664 774 1726 homines
794 1666 879 1725 bona
903 1665 997 1734 fame,
1014 1665 1105 1725 omni
1128 1666 1344 1746 suspectione

97 1795 253 1852 carentes,
268 1780 325 1861 qui
343 1778 517 1859 Capitanei
535 1795 565 1841 et
583 1781 804 1841 caralcutores
820 1780 966 1840 custodie
983 1780 1129 1860 ipsarum
1146 1795 1332 1841 stratarum

97 1898 150 1958 die
173 1912 338 1977 noctuque
355 1895 524 1957 intendere
546 1897 685 1957 debeant
702 1897 888 1978 diligenter,
905 1911 935 1957 et
950 1911 1037 1957 stare
1060 1911 1091 1957 et
1114 1916 1178 1957 esse
1200 1897 1234 1957 in
1255 1897 1336 1957 locis

98 2014 219 2093 quibus
241 2012 388 2073 custodia
411 2013 578 2074 dictarum
600 2028 783 2074 straturum
808 2014 926 2074 rnelius
941 2028 971 2073 et
989 2013 1105 2073 utilius
1129 2011 1197 2074 fieri
1222 2015 1336 2094 possit,

96 2145 128 2190 et
151 2130 290 2190 debeant
312 2143 399 2189 stare
421 2128 500 2189 dicti
524 2130 745 2190 casulcatores
764 2129 803 2190 ad
820 2129 1003 2190 custodiant
1026 2130 1191 2190 dictarum
1215 2144 1335 2190 stratu·

99 2265 171 2305 runt
188 2259 352 2324 quantum
372 2243 581 2305 Comunibus
594 2246 739 2325 ipsarum
755 2245 932 2306 civitatum
953 2245 1121 2306 videbitur
1134 2246 1336 2318 convenire3

97 2376 127 2421 et
153 2360 389 2421 nichilominus
413 2380 467 2441 per
489 2375 629 2421 stratum
646 2362 734 2422 lacus
751 2361 862 2423 Gurde
886 2377 1082 2423 mercatores
1104 2360 1333 2440 predictarum

99 2477 286 2538 Ciuitatunr
310 2490 340 2536 et
366 2475 585 2536 Districtuuur
616 2478 804 2538 earumdem
829 2493 859 2537 et
885 2478 940 2556 alij
965 2497 1077 2538 omnes
1099 2489 1129 2538 et
1151 2476 1275 2556 singuli
1297 2477 1338 2536 de

98 2593 192 2652 dictis
209 2592 412 2651 Civitatibus
427 2607 457 2653 et
478 2592 688 2654 Districtibus
705 2595 849 2674 ipsurunr
866 2600 910 2668 (e)
932 2613 1006 2654 cunr
1031 2593 1175 2674 personis
1197 2608 1229 2653 et
1253 2612 1337 2653 mer-

98 2709 266 2785 cundadiis
288 2708 351 2789 (s)
374 2723 404 2781 et
428 2709 499 2787 alijs
523 2710 628 2781 rebus,
651 2730 725 2770 curn
751 2711 929 2780 soluerint,
960 2711 1082 2790 possint
1106 2710 1151 2770 ire
1175 2724 1205 2770 et
1229 2712 1331 2771 etiam

100 2846 154 2905 per
178 2827 257 2885 tilius
279 2839 397 2885 strutus
419 2825 631 2886 districtuum
657 2827 841 2887 Civitatunr
866 2828 1100 2906 predictarum.

179 2941 287 3019 [Xllll
314 2941 393 3001 ltenr
418 2942 505 3021 quod
528 2962 641 3003 onrnes
660 2959 691 3002 et
707 2942 834 3021 singule
860 2944 1030 3023 represulie
1055 2942 1130 3001 ln'nc
1155 2955 1243 3001 retro
1259 2941 1337 3001 date

98 3074 128 3118 et
152 3077 296 3117 concesse
319 3071 348 3116 et
371 3060 530 3119 sententie
555 3058 698 3138 ipsarum
725 3059 938 3139 represaliunr
961 3059 1026 3118 sint
1050 3077 1134 3118 casse
1154 3071 1185 3117 et
1210 3057 1337 3117 nullius

101 3172 230 3242 snloris,
255 3175 299 3232 itu
323 3173 410 3251 quod
435 3174 554 3253 uliquis
568 3194 622 3233 seu
646 3175 896 3254 aliquiquibus
914 3175 988 3235 date
1013 3175 1157 3244 luissent,
1180 3173 1224 3234 eis
1242 3173 1337 3233 nullo

101 3289 197 3346 ruodo
221 3286 343 3365 possint
369 3288 435 3356 uti,
458 3289 548 3347 sulco
570 3303 679 3348 tumen
705 3292 775 3348 iure
800 3289 943 3367 ipsorum
968 3289 1088 3368 quibus
1111 3287 1185 3349 date
1208 3303 1239 3348 et
1262 3306 1337 3347 con-

99 3424 178 3463 cesse
197 3403 329 3462 luissent
341 3424 347 3475 ;
374 3405 416 3463 itu
442 3405 528 3483 quod
547 3406 611 3465 sint
629 3406 662 3465 in
676 3426 712 3466 eo
725 3420 812 3465 statu
838 3407 870 3465 in
894 3427 959 3486 quo
983 3420 1077 3466 erunt
1096 3404 1232 3485 qttarrdo
1248 3405 1337 3465 dicte

100 3519 270 3600 represulie
292 3538 436 3579 concesse
462 3522 608 3589 luerunt,
637 3537 668 3582 et
700 3521 785 3601 quod
811 3522 860 3580 ius
882 3542 979 3581 suuni
1004 3521 1125 3602 possint
1159 3534 1267 3599 petere
1283 3537 1339 3589 se-

99 3636 242 3695 condunt
268 3636 401 3694 modurn
426 3651 455 3695 et
479 3638 626 3696 ordinent
648 3658 664 3696 a
686 3638 897 3716 Sapientibus
920 3638 1173 3717 providendum,
1197 3650 1233 3695 ut
1254 3634 1338 3695 inle-

102 3755 167 3810 rius
190 3749 390 3810 continetur.

181 3867 287 3944 [ΧΠ]
307 3868 386 3927 lteur
404 3868 491 3946 quod
504 3870 690 3948 questiones
701 3889 813 3928 onrnes
827 3885 894 3930 turn
913 3871 1057 3949 ipsnrunr
1071 3869 1336 3948 represuliarum,

100 4006 200 4065 tltraun
225 3987 377 4054 ullarum,
393 4007 455 4066 que
474 3989 596 4047 nroreri
610 3991 707 4068 possit
724 3997 776 4068 (g)
795 3989 833 4048 de
850 3989 1016 4067 aliquibus
1042 3990 1135 4048 rebus
1152 3989 1227 4049 hinc
1245 4003 1337 4049 retro

104 4103 195 4162 luctis
221 4103 268 4161 rel
295 4101 425 4171 lrulritis,
450 4103 525 4161 liiuc
542 4103 580 4162 ud
600 4123 702 4164 ununr
721 4125 846 4164 unriunr
874 4105 1061 4184 proximum
1085 4105 1150 4163 sint
1173 4123 1339 4184 suspense,

100 4234 129 4277 et
154 4232 319 4278 trunsucto
337 4238 425 4277 auno
442 4220 588 4297 predicto
612 4220 750 4298 quilibet
771 4220 880 4277 rolens
897 4232 1005 4298 petere
1030 4221 1190 4278 rutiouenr
1210 4233 1241 4278 et
1258 4239 1342 4297 que«

99 4335 238 4382 erinitum
266 4354 395 4380 nutriero
435 4334 457 4380 sr'
489 4349 648 4380 nior-ssimi·
678 4335 774 4380 siu-rit
810 4338 906 4381 iniecit
933 4334 1033 4380 inerim
1071 4352 1200 4380 nrm'urr·
1223 4354 1335 4380 cnr-nm
