2834 4792
638 452 709 495 DOC.
732 453 741 493 1
756 453 763 493 ἶ
790 450 863 493 1202
1031 446 1034 454 “
1331 452 1360 494 11

886 555 1365 566 -———-—--———

209 680 241 728 et
252 666 280 728 si
292 666 419 748 aliquid
435 667 598 737 additum.
612 666 661 727 vei
673 665 719 726 di·
774 683 844 728 ram
857 662 1036 726 habuerint
1049 662 1200 744 recipere.
1284 675 1316 724 et
1337 661 1363 724 si

127 787 302 848 minutum
327 785 437 857 fuerit,
454 783 625 848 communi
647 803 721 846 con·
775 783 903 865 aliquid

127 901 242 964 cordia
284 917 448 966 rectorum
482 916 514 964 et
545 901 719 964 consulum

127 1019 306 1100 utriusque
337 1016 483 1080 civitatis
518 1017 657 1079 Mantue
688 1028 721 1076 et

128 1133 271 1206 Verone‚
287 1132 329 1194 ad
344 1151 540 1214 campanam
565 1143 720 1194 sonatum

128 1265 239 1312 tocius
260 1250 311 1311 vel
328 1248 462 1310 maioris
478 1247 591 1330 partis,
613 1247 653 1308 de
669 1245 722 1307 ad·

124 1367 200 1427 dito
222 1379 385 1436 teneatur,
403 1364 443 1427 de
458 1363 629 1428 diminuto
652 1381 719 1424 non

126 1495 294 1554 teneatur,
316 1481 354 1544 de
377 1494 510 1543 mutato
537 1479 718 1542 secundum

125 1597 217 1678 quod
231 1597 331 1658 fuerit
341 1609 523 1658 mutatum.
574 1595 667 1664 salvo
681 1613 720 1656 eo

994 913 1160 964 rectorum
1183 913 1214 962 et
1237 918 1317 962 cons

1177 1016 1307 1080 Verone

777 1131 915 1195 Mantue

126 1710 219 1794 quod
236 1710 337 1774 nichil
354 1711 454 1793 possit
474 1710 610 1782 mutari,
632 1709 721 1781 addi,
774 1713 866 1796 quod
889 1714 1000 1775 minus
1022 1731 1053 1794 p.
1069 1733 1118 1776 ·m.
1139 1713 1207 1776 sive
1230 1713 1307 1775 addi

130 1826 183 1888 vel
207 1827 326 1899 minui,
347 1827 527 1909 quominus
544 1826 719 1889 concordia

127 1954 160 2002 et
185 1954 280 2023 pacta
299 1940 384 2004 facta
400 1941 541 2004 condam
557 1942 644 2002 inter
663 1939 720 2002 Ve-

130 2077 284 2120 ronenses
296 2071 330 2119 et
345 2056 371 2120 F
373 2057 568 2120 errarienses
582 2071 613 2119 et
632 2056 720 2119 inter

129 2175 355 2237 ferrarienses
380 2187 411 2237 et
445 2174 649 2237 Mutinenses
669 2182 719 2250 (a)

129 2305 202 2355 rata
225 2291 268 2354 sit
290 2306 322 2354 et
344 2291 530 2374 proferetur
552 2293 587 2355 in
612 2292 721 2355 omni·

131 2408 190 2468 bus
222 2406 386 2489 capitulis,
420 2419 456 2468 ut
485 2407 521 2468 in
554 2407 719 2489 principio

128 2523 361 2605 scriptumest.
412 2538 444 2585 et
458 2522 718 2605 suprascriptam

130 2658 242 2721 pacem
267 2639 342 2701 iuro
355 2653 388 2703 et
406 2640 569 2721 promitto
589 2657 720 2700 servare

128 2770 161 2818 et
184 2755 315 2818 firmam
338 2769 449 2818 tenere
465 2758 499 2817 in
522 2769 717 2837 perpetuum

129 2891 191 2953 pro
212 2873 383 2934 communi
406 2871 546 2942 verone,
561 2871 622 2932 sub
638 2872 720 2933 obli-

128 2987 265 3068 gatione
280 2985 389 3048 omnis
404 2984 485 3046 iuris
499 2999 531 3048 et
550 2985 720 3047 districtus

128 3117 162 3164 et
185 3102 333 3184 obsequii
356 3121 419 3182 que
440 3102 558 3166 civitas
580 3101 719 3173 Verone,

129 3220 203 3282 iure
223 3220 378 3291 civitatis,
401 3219 501 3282 habet
523 3222 558 3281 in
582 3220 719 3304 Valegio

854 2540 886 2589 et
908 2525 1005 2587 istam

778 2895 839 2956 pro
862 2875 1031 2959 communi
1057 2877 1195 2938 Mantue

1213 3107 1363 3169 Mantua.

775 3227 845 3290 iure
861 3227 1017 3298 civitatis,
1031 3227 1130 3289 habet
1153 3225 1187 3287 in
1209 3224 1309 3286 Volta

126 3351 160 3399 et
190 3335 424 3414 Moncanbano
451 3349 483 3398 et
514 3335 665 3415 Grecano
686 3350 718 3400 et
773 3342 807 3403 in
825 3341 983 3404 Castiono
1001 3342 1189 3403 Mantuano
1204 3354 1236 3402 et
1252 3339 1286 3400 in
1304 3347 1309 3390 ⁴

127 3453 337 3533 Trevencolo
357 3467 389 3516 et
413 3453 574 3516 Moratica
600 3468 632 3516 et
663 3453 719 3514 Vi·
774 3458 896 3520 nedulo
917 3472 948 3519 et
971 3457 1193 3519 Curtanculfo
1215 3471 1247 3520 et
1270 3455 1308 3518 Bi

128 3571 302 3651 limpenta‚
325 3571 424 3632 itaut
444 3571 469 3633 si
493 3591 549 3654 per
566 3587 717 3634 nostrum
773 3575 989 3655 re110,atque
1012 3575 1046 3636 in
1071 3574 1227 3635 Castione
1247 3586 1279 3634 et
1303 3572 1317 3632 i

125 3690 344 3768 [commune],
365 3690 533 3751 occasione
555 3689 718 3770 supradic-

774 3690 896 3762 nefrsi0,
924 3691 968 3752 ita
1005 3705 1041 3752 ut
1070 3692 1095 3752 si
1127 3710 1181 3770 per
1210 3702 1301 3750 nostr

127 3819 174 3876 te,
203 3824 266 3886 pax
300 3803 400 3867 fuerit
434 3822 544 3889 rupta,
572 3807 717 3888 predicte
772 3827 949 3868 commune
964 3808 1024 3869 ista
1041 3828 1103 3888 pax

126 3941 214 3988 terre
236 3924 378 3987 debeant
404 3927 597 4008 respondere
615 3941 646 3989 et
665 3947 717 3988 su-

992 3924 1157 3984 subiacere
1179 3936 1211 3984 et
1235 3942 1303 4004 resp

127 4040 392 4103 biacerecivitati
405 4041 554 4114 Mantue‚
569 4045 653 4105 sicut
667 4063 717 4104 su·
772 4038 846 4101 dere
868 4039 997 4101 civitati
1023 4040 1150 4100 Verone

125 4158 257 4219 biacent
293 4171 325 4219 et
358 4158 556 4240 respondent
585 4160 714 4223 civitati

125 4274 266 4347 Verone,
287 4289 320 4337 et
342 4275 377 4336 in
410 4276 544 4338 civitate
575 4279 714 4342 Mantue

126 4388 254 4451 nullam
292 4389 358 4450 vim
397 4389 525 4464 faciam,
558 4407 605 4455 set
642 4415 713 4456 eam

183 4640 220 4694 (a)
233 4641 253 4680 A
267 4641 412 4690 i'ernnenses,
429 4643 448 4682 B
461 4644 602 4685 Mutinenses.

1229 4176 1241 4217 c

774 4274 911 4335 Mantue
944 4287 976 4334 et
1006 4275 1039 4333 in
1066 4273 1201 4334 civitate
1232 4273 1251 4332 ¹.
