2874 4748
43 473 99 534 312
348 490 517 533 nutrzrour
540 492 600 532 rna
623 490 750 531 vnnoxx
774 490 793 530 ε
816 491 969 531 xinrovx

36 706 137 775 micis,
158 705 242 765 sicut
265 717 295 765 et
318 703 486 784 quomodo
508 702 669 785 placuerit
701 703 796 764 dictis
819 701 962 763 dominis
986 701 1218 776 B(ardellono)
1242 717 1274 765 et

37 821 197 903 T(agino)
218 821 257 882 de
281 820 478 881 Bonacolsis.

120 939 201 1000 ltem
224 939 249 998 si
272 938 392 1018 aliquis
413 936 597 998 amicorum
627 935 666 996 de
696 934 838 996 Gaffaris
867 948 898 996 et
928 933 1133 1017 (Janichallis
1155 947 1188 996 et
1211 935 1270 995 do-

37 1056 119 1119 mini
143 1054 310 1136 Raynaldi
334 1053 519 1135 parentelas
541 1051 700 1113 haberent
723 1069 797 1111 cum
821 1050 990 1130 aliquibus
1011 1051 1050 1111 de
1073 1051 1210 1121 Arimis,
1229 1051 1270 1112 de

38 1175 123 1235 Riva
145 1187 176 1234 et
200 1171 238 1232 de
261 1171 348 1248 Pico,
376 1170 560 1250 expellatur
588 1167 626 1228 de
650 1168 745 1229 terris
776 1167 903 1229 domini
934 1167 1148 1241 Marchionis,
1182 1169 1269 1231 sicut

37 1289 174 1370 predicti
199 1286 319 1356 Arloti,
342 1286 380 1346 de
404 1285 489 1346 Riva
507 1299 543 1345 et
566 1285 604 1344 de
628 1283 714 1356 Pico

117 1405 194 1478 Qua
219 1423 295 1465 vero
328 1403 514 1463 intentione
543 1416 573 1463 et
607 1402 770 1482 scriptura
794 1400 873 1461 dicti
906 1401 1033 1462 domini
1065 1402 1271 1464 Marchionis

38 1519 187 1601 proxime
208 1517 442 1598 suprascripta,
465 1517 606 1596 denique
630 1519 713 1577 lecta
728 1532 759 1577 et
774 1517 951 1596 diligenter
974 1518 1120 1598 exposita
1144 1538 1200 1598 per
1217 1538 1270 1580 me

39 1636 219 1706 notarium,
241 1634 279 1695 de
302 1633 461 1694 mandato
490 1632 569 1692 dicti
603 1632 729 1693 domini
753 1631 940 1713 Capitanei‚
964 1654 1075 1694 coram
1098 1654 1137 1694 eo
1158 1648 1190 1695 et
1213 1634 1273 1695 Sa-

40 1739 207 1832 pientibus
240 1749 389 1831 proxime
422 1748 666 1836 suprascriptis,
693 1768 769 1810 cum
792 1749 913 1828 quibus
935 1769 1002 1810 una
1032 1749 1094 1810 fuit
1117 1750 1274 1810 dominus

39 1865 161 1927 Sadeus
181 1865 220 1925 de
244 1864 445 1945 Pigognagia
461 1870 521 1938 (a),
538 1878 685 1944 presente
706 1863 796 1924 dicto
818 1863 954 1925 domino
975 1864 1106 1944 Tagino
1122 1879 1153 1925 et
1169 1867 1273 1926 etiam

38 1982 174 2043 domino
197 1981 398 2051 Schenard0,
424 1997 454 2041 et
484 1980 621 2041 consilio
653 1982 819 2060 postulato
851 2001 948 2061 super
978 2003 1013 2042 ea
1039 2002 1096 2061 per
1129 1980 1274 2042 eundem

38 2099 213 2159 dominum
237 2098 470 2178 Capitaneum‚
493 2112 524 2158 et
547 2097 738 2157 examinato
762 2112 861 2176 atque
884 2098 1115 2158 animadverso
1139 2099 1275 2178 negotio

40 2215 225 2294 diligenter,
242 2214 385 2275 finaliter
409 2215 533 2294 placuit
564 2214 788 2274 indifferenter
810 2214 966 2274 omnibus
990 2215 1203 2295 Sapientibus
1220 2235 1276 2276 an·

43 2330 181 2400 tedicus,
204 2332 291 2409 quod
308 2329 393 2390 dicte
409 2329 580 2410 scripture,
595 2349 650 2389 seu
667 2330 755 2389 dicto
770 2329 906 2390 domino
931 2329 1127 2401 Marchioni‚
1141 2349 1278 2412 respon-

41 2446 158 2506 deatur
181 2446 241 2505 hoc
264 2446 414 2505 modoet
437 2445 480 2504 sic
503 2444 644 2504 dicatur.

124 2561 307 2621 lntentioni
330 2559 495 2637 magnifici
512 2560 637 2620 domini
664 2559 866 2620 Marchionis
883 2562 1025 2621 Estensis
1047 2561 1181 2622 sinceris
1202 2580 1277 2622 con·

42 2692 211 2738 currentes
233 2677 402 2737 affectibus
418 2677 544 2736 domini
569 2677 786 2736 Bardellonus
812 2678 850 2736 de
872 2677 1059 2738 Bonacolsis
1081 2679 1278 2757 capitaneus

45 2793 250 2853 ,llantuaous
273 2805 303 2853 et
327 2792 477 2872 Taginus
500 2792 568 2852 eius
591 2792 701 2863 frater,
724 2794 764 2853 ad
791 2773 992 2874 scripturam
1027 2796 1128 2854 latam
1154 2794 1277 2855 eisdem

44 2928 98 2987 per
126 2907 264 2967 nuncios
286 2927 360 2967 suos
383 2927 442 2987 pro
458 2923 552 2986 parte
568 2908 668 2988 ipsius
688 2908 814 2967 domini
840 2909 1042 2968 Marclrionis
1065 2908 1278 2988 respondent.

124 3025 223 3098 Quod
248 3027 341 3105 plena
366 3027 509 3086 intentio
534 3027 678 3106 ipsorum
709 3027 835 3086 domini
867 3027 1084 3102 illardelloni)
1107 3028 1277 3107 capitanci

45 3143 221 3203 Mantuani
245 3157 274 3202 et
299 3144 449 3222 Tlagini)
472 3145 539 3202 eius
575 3143 684 3203 fratris
716 3160 761 3204 est
795 3146 969 3223 antiquam
1003 3158 1034 3204 et
1061 3146 1276 3224 antiquatam

44 3258 224 3318 amicitiam
249 3274 279 3318 et
304 3261 566 3320 benevolentiam
586 3260 734 3320 habitam
759 3261 844 3321 inter
861 3264 1000 3321 maiores
1022 3261 1137 3321 domus
1162 3261 1281 3321 Eaten-

43 3376 83 3434 sis
99 3389 129 3434 et
148 3374 285 3435 maiores
310 3375 531 3436 Dominarum
555 3375 593 3435 de
617 3375 804 3436 Bonacolsis
826 3377 998 3447 innovare,
1023 3391 1176 3457 repetere,
1199 3397 1281 3437 con·

43 3492 183 3552 solidare
206 3505 236 3551 et
261 3492 435 3570 integrare,
459 3513 531 3552 cum
557 3493 659 3572 pactis¹
688 3494 787 3553 ctiam
821 3495 970 3574 antiquis
993 3493 1115 3555 habitis
1140 3496 1221 3556 olim
1246 3512 1278 3557 et

44 3608 188 3667 obtentis
210 3608 296 3667 inter
320 3609 485 3669 (Jornunia
511 3608 659 3668 Ferrarie
675 3624 705 3669 et
726 3609 883 3685 llantue,
906 3625 936 3670 ct
960 3631 1034 3671 curn
1059 3612 1127 3691 ipso
1152 3614 1282 3691 magni-

48 3724 107 3782 lico
129 3724 265 3784 domino
289 3725 417 3784 listensi
442 3725 645 3794 llarrclriorre,
677 3726 745 3784 eius
775 3727 918 3794 nomine,
942 3741 972 3786 ct
998 3726 1131 3788 nomine
1152 3741 1183 3787 et
1208 3727 1280 3788 vice

45 3840 219 3899 ciritatrun
246 3841 404 3910 Ferraric,
430 3842 558 3900 l¹lutine
575 3857 604 3901 et
624 3842 713 3919 liegii
739 3858 965 3904 ceterorumve
989 3842 1135 3904 locorum
1159 3858 1190 3904 et
1215 3859 1282 3905 ter-

49 3976 159 4015 rarum
185 3957 386 4016 iurisditioni
411 3960 509 4036 ipsius
538 3958 665 4018 dornini
699 3960 898 4019 llarclrionis
927 3961 1161 4031 subiectarum,
1182 3961 1282 4032 inire,

50 4069 161 4138 lacere,
184 4073 379 4132 contrahere
402 4088 432 4131 et
458 4073 576 4132 lrabere
601 4094 709 4134 verani
735 4089 766 4134 et
792 4095 907 4154 puram
934 4076 1209 4146 familiaritatem,
1231 4099 1282 4138 so-

49 4185 210 4255 cietatem,
235 4188 332 4265 ligant
350 4204 380 4248 et
395 4189 563 4258 unionem,
581 4205 737 4269 perpetuo
755 4207 789 4250 ct>
804 4191 1041 4252 inviolabiliter
1060 4192 1282 4266 ciurattrranr;

48 4315 78 4360 et
102 4300 228 4360 dictum
253 4303 425 4362 dominum
452 4303 678 4363 Marclrioncrn
712 4320 741 4364 et
766 4305 833 4363 cius
856 4305 938 4365 tilios
960 4322 990 4366 ct
1012 4305 1143 4366 heredes
1167 4306 1200 4366 in
1225 4306 1284 4365 do-

50 4417 153 4475 minio
185 4418 360 4477 civitatum
394 4419 554 4488 Ferrarie,
579 4420 708 4479 Mutine
731 4437 761 4479 ct
788 4420 876 4499 liegii
908 4436 938 4481 et
970 4422 1003 4480 iu
1028 4420 1183 4480 omnibus
1216 4421 1286 4479 suis
