2874 4748
621 415 690 456 noe.
715 415 808 456 triv:
836 415 909 475 1299
1331 398 1387 459 305

159 643 258 686 mune
281 623 411 684 Verone
434 622 520 703 apud
546 623 724 684 Hostiliam
747 623 854 686 visum
879 623 943 686 fuit
967 644 1022 705 per
1049 625 1219 706 Sapientes
1240 627 1390 707 superius

160 740 358 811 nominatos,
381 739 438 819 qui
462 739 543 800 illud
572 741 717 809 iverunt,

239 855 281 917 Et
298 855 437 916 consilio
454 855 621 935 postulato
638 874 694 936 per
710 855 819 936 ipsum
835 854 1011 916 dominum
1030 853 1266 935 Capitaneum,

242 971 391 1051 Denique
414 971 550 1032 fuerunt
572 972 606 1032 in
629 970 803 1032 concordia
827 969 1008 1052 Sapientes,
1022 969 1110 1050 quod
1126 971 1281 1032 dominus
1296 970 1392 1050 Capi·

161 1101 277 1150 taneus
305 1101 335 1148 et
363 1087 518 1150 dominus
544 1087 694 1168 Taginus
717 1107 777 1148 suo
803 1087 943 1150 arbitrio
973 1087 1107 1150 videant
1134 1102 1166 1149 et
1198 1089 1390 1150 examinent

161 1217 340 1285 utrumque
363 1204 531 1285 negotium
556 1205 740 1285 diligenter,
762 1203 943 1265 secundum
962 1203 1050 1284 quod
1074 1204 1190 1265 utilius
1214 1220 1246 1267 et
1276 1204 1392 1265 melius

160 1319 383 1398 providerint,
406 1333 666 1401 prosequantur,
695 1321 730 1380 in
760 1320 924 1381 mittendo
951 1320 990 1381 ad
1014 1319 1187 1382 dominum
1213 1321 1388 1381 Albertum

161 1434 281 1496 iterum
303 1435 471 1496 occasione
493 1434 648 1515 predicta,
664 1436 714 1496 vel
724 1437 829 1496 etiam
847 1455 912 1498 uon
931 1435 1104 1506 mittendo,
1120 1436 1153 1496 in
1175 1436 1324 1498 faciendo
1340 1437 1390 1497 vel

160 1551 345 1611 omittendo
360 1551 451 1612 intus
473 1565 504 1610 et
526 1565 630 1621 extra,
651 1552 741 1613 sicut¹
759 1551 803 1612 eis
823 1551 1003 1622 videbitur,
1025 1565 1056 1612 ct
1080 1551 1306 1633 respondendo
1324 1571 1391 1614 am-

163 1666 280 1727 baxate
302 1666 445 1747 predicte
467 1666 508 1727 ad
531 1686 645 1728 eorum
669 1668 888 1729 voluntatem.

244 1780 392 1862 Denique
408 1781 487 1842 dicti
505 1782 639 1842 Domini
663 1755 890 1855 deliberantes,
907 1783 991 1845 dicte
1009 1785 1186 1845 ambaxate
1209 1785 1322 1845 taliter
1346 1803 1392 1844 re-

160 1897 375 1978 sponderunt.

243 2013 429 2076 Ambaxate
451 2015 665 2077 dominorum
683 2016 869 2089 Potestatis,
885 2017 1123 2084 Antianorum.
1147 2017 1344 2097 Sapientum
1360 2032 1391 2077 et

164 2127 324 2191 Comanis
347 2130 498 2211 Pergami
520 2152 557 2192 ex
582 2149 674 2212 parte
709 2134 853 2214 ipsorum
879 2135 912 2194 in
935 2133 1065 2214 scriptis
1097 2147 1245 2224 porrecte
1267 2146 1298 2194 ct
1320 2153 1392 2194 ora-

162 2249 237 2308 culo
260 2248 333 2309 vive
356 2249 441 2308 vocis
474 2250 617 2331 exposite
649 2250 791 2312 dominis
814 2251 1013 2313 Bardellono
1035 2251 1074 2312 de
1097 2251 1285 2312 Bonacolsis
1307 2252 1392 2332 capi-

164 2379 260 2427 taneo
284 2367 422 2427 Mantue
444 2381 475 2428 et
498 2367 629 2447 Tagino
651 2367 720 2427 eius
736 2349 845 2429 'fratri
870 2387 925 2449 per
949 2371 1059 2428 virum
1087 2367 1264 2429 discretum
1288 2367 1392 2429 domi-

165 2501 245 2542 num
269 2481 383 2542 Lanfr.
405 2483 444 2542 de
467 2481 587 2543 Crotto
609 2483 687 2543 dicti
706 2481 867 2542 Comanis
884 2482 1108 2563 Pergamensis
1131 2483 1393 2554 ambaxatorem,

246 2597 506 2678 Respondemus,
524 2599 697 2660 affectuosa
714 2599 845 2678 quidem
865 2599 1067 2660 salutatione
1080 2601 1244 2679 premissa,
1258 2618 1313 2678 per
1329 2598 1394 2658 dic-

165 2732 214 2773 tos
236 2713 387 2774 dominos
411 2715 622 2776 Mantuanos

283 2832 328 2909 [r]
352 2829 464 2891 Primo
493 2831 656 2903 videlicet,
684 2833 771 2912 quod
802 2832 882 2893 dicti
912 2820 1039 2893 domini
1067 2832 1285 2893 Dardellonus
1307 2832 1394 2912 capi-

167 2957 283 3005 taneus
307 2946 445 3007 Mantue
467 2961 498 3006 et
522 2946 672 3027 'saginas
694 2950 762 3008 eius
786 2949 886 3008 l'rater
910 2948 1035 3009 ilariter
1057 2963 1089 3009 et
1113 2949 1252 3008 libenter
1270 2967 1393 3027 recepe-

165 3075 245 3122 runt
268 3076 299 3124 et
323 3062 486 3143 recipiant
510 3064 720 3124 ambaratam
746 3064 925 3144 predictam
949 3080 980 3125 et
1005 3065 1126 3144 pariter
1157 3063 1315 3144 quicquid
1339 3065 1393 3123 do-

166 3179 249 3239 miui
272 3178 429 3250 Potestas
453 3180 603 3250 Antiani,
626 3180 796 3260 Sapientes
829 3195 860 3241 et
884 3180 1035 3241 Comune
1070 3180 1219 3260 Pergami
1248 3199 1308 3260 pro
1329 3182 1394 3238 suis

167 3293 291 3355 honore
314 3309 345 3356 et
368 3296 557 3366 commodis,
580 3297 698 3356 eisdem
722 3297 865 3358 dominis
881 3297 919 3357 de
936 3299 1086 3366 Mantua,
1100 3298 1132 3356 in
1147 3297 1305 3356 continua
1323 3296 1395 3356 Per·

164 3412 374 3490 gamensibus
395 3411 569 3472 dilectione
585 3427 616 3472 ct
639 3412 777 3474 caritate
795 3413 1034 3493 perstantibus,
1057 3412 1212 3473 ducerent
1237 3411 1396 3472 intiman-

164 3527 257 3597 dum,
279 3540 310 3588 et
333 3528 422 3608 quod
443 3527 526 3588 sicut
551 3528 717 3608 aliquibus
750 3529 902 3589 Cornuue
925 3529 1075 3608 Pergami
1098 3528 1326 3608 supradictum
1350 3527 1394 3587 ol'·

167 3643 297 3704 fendere
320 3644 539 3723 cupientibus,
561 3647 620 3724 ipsi
644 3644 789 3715 Domini,
814 3646 886 3704 licet
920 3645 1040 3724 pluries
1071 3643 1229 3724 requisiti,
1262 3643 1393 3702 nullum

165 3759 324 3820 hactenus
347 3760 562 3841 prestiterunt
586 3780 759 3830 assensum,
775 3762 818 3820 sic
834 3775 864 3820 et
879 3773 1119 3840 perseverantes
1139 3775 1307 3840 perpetuo,
1327 3778 1393 3818 non

136 3866 140 3873 ’
165 3874 347 3936 intendunt
372 3876 582 3936 inimicorum
607 3874 767 3935 Comanis
791 3874 941 3952 Pergami
959 3875 1007 3933 vel
1025 3874 1207 3933 volentium
1231 3872 1394 3933 offendere

163 3991 291 4053 dictum
316 3992 466 4053 Comune
485 3993 754 4072 requisitionibus
770 3993 934 4062 assentire,
952 4012 1008 4052 nec
1027 3993 1138 4061 lacere,
1162 4011 1218 4051 nec
1241 3993 1393 4058 conscire,

165 4126 222 4187 per
244 4107 331 4186 quod
356 4107 461 4188 ipsum
486 4107 636 4168 Comuue
661 4109 761 4168 ullam
792 4109 940 4167 incurrat
964 4109 1158 4177 molestiam,
1181 4108 1229 4166 rel
1255 4107 1393 4187 accipiat

164 4222 416 4294 detrimentum,
437 4226 488 4285 sed
507 4225 615 4305 potius
631 4226 733 4285 eidem
759 4225 903 4284 Comani
922 4224 1071 4303 Pergami
1095 4238 1266 4302 tamquam
1284 4223 1395 4284 aulicis

163 4341 338 4402 carissimis
360 4344 592 4423 contemplare,
617 4356 646 4401 et
671 4344 704 4401 in
727 4362 764 4401 eo
787 4341 875 4420 quod
899 4341 1008 4401 deceat
1032 4354 1063 4400 et
1086 4339 1173 4420 quod
1191 4341 1314 4420 possint
1335 4340 1393 4420 ipsi

167 4457 301 4518 Domini
331 4458 369 4518 de
394 4459 533 4518 Mantua
558 4458 726 4518 favoribus
750 4458 946 4537 Pergamum
971 4453 1128 4528 accedere,
1149 4457 1316 4536 cupientes
1340 4477 1396 4515 arn-

166 4574 294 4654 tiquam
320 4574 501 4635 amiciciam
525 4575 639 4645 colere,
662 4588 691 4634 et
716 4593 833 4652 augere
857 4572 1114 4633 vicissitudinem
1139 4574 1345 4634 meritorum.

246 4716 262 4740 Γ
288 4716 380 4740 rm...
452 4719 562 4740 tt.r...·.r..·
581 4721 617 4740 ί...
639 4720 721 4740 rhun-1.-
743 4730 748 4740 ι
768 4717 818 4740 Μ...
837 4731 841 4740 ι
866 4732 870 4740 .
