2874 4748
104 433 162 493 280
404 451 574 492 natrzrovr
599 451 658 492 aaa
681 451 809 492 varona
833 452 851 491 a
876 451 1027 492 naurova

101 683 197 744 super
221 663 440 745 infrascriptis
461 663 644 744 specialiter
667 661 856 724 convocatis
873 675 903 723 et
927 663 1142 744 congregatis,
1158 663 1192 724 in
1207 664 1278 726 loco
1293 684 1343 725 so·

103 783 164 841 lito
185 780 334 861 capituli,
358 800 414 861 per
437 799 634 861 campanam
658 798 749 841 more
769 793 936 848 consueto,
968 780 1155 862 comparuit
1177 780 1339 843 discretus

104 897 153 957 vir
177 895 354 958 Orabonus
382 895 421 957 de
449 895 569 966 Casali,
592 909 788 976 procurator
810 909 842 957 et
865 896 1097 975 procuratorio
1126 897 1262 959 nomine
1284 897 1337 958 do-

104 1013 271 1074 minorum
296 1013 445 1084 Berardi,
469 1011 635 1074 (luidonis
651 1013 708 1092 qui
724 1013 846 1073 dicitur
864 1012 1036 1085 Botixella,
1057 1013 1262 1094 Raynaldini
1279 1016 1337 1096 qui

103 1129 225 1190 dicitnr
239 1129 431 1190 Passerinus
445 1144 476 1190 et
501 1129 737 1190 Bnnaventure
752 1128 809 1208 qui
825 1128 949 1190 dicitur
968 1128 1162 1199 Boteronus,
1183 1129 1337 1200 fratrum,

105 1245 251 1306 liliorum
275 1245 445 1326 quondam
468 1245 595 1306 domini
621 1244 800 1306 lohannini
822 1244 861 1306 de
884 1244 1081 1316 Bonacolsis,
1104 1259 1141 1306 ut
1163 1244 1203 1306 de
1226 1264 1339 1326 procu-

105 1361 231 1424 ratorio
245 1375 373 1424 constat
388 1361 521 1442 publico
532 1361 766 1432 instrumento,
780 1360 904 1442 scripto
917 1380 1021 1422 manu
1035 1360 1218 1422 Rolandini
1234 1380 1340 1441 quon·

104 1481 180 1541 dam
210 1479 337 1539 domini
363 1478 596 1539 Bonaventure
619 1478 658 1540 de
681 1477 859 1540 bertolono
882 1478 1002 1556 notarii
1027 1478 1151 1559 publici
1175 1477 1214 1539 de
1244 1478 1339 1538 Man-

103 1609 171 1658 tua.
256 1595 528 1656 Commemoratis
549 1593 692 1674 qualiter
710 1594 912 1657 Guiscardus
927 1594 965 1656 de
981 1593 1202 1675 Thebo[1]dis,
1225 1613 1336 1675 procu-

104 1727 195 1773 rator
211 1725 242 1773 et
259 1711 490 1791 procuratorio
506 1711 638 1771 nomine
652 1729 711 1790 pro
726 1710 802 1791 ipsis
816 1710 985 1782 fratribus,
998 1709 1208 1772 renunciavit
1224 1709 1256 1769 in
1272 1729 1336 1770 ma·

105 1827 202 1889 nibus
217 1827 317 1908 ipsius
339 1827 465 1887 domini
489 1825 617 1887 abbatis
633 1825 820 1907 recipientis
836 1827 904 1887 vice
926 1842 957 1889 et
985 1825 1118 1887 nomine
1134 1864 1212 1872 -—
1237 1827 1335 1886 dicto-

104 1965 178 2005 rum
196 1962 423 2013 monacorum,
440 1943 583 2004 fratrum
596 1957 627 2004 et
643 1943 781 2025 capituli
797 1957 828 2004 et
846 1943 1035 2021 monasterii
1050 1943 1142 2004 omni
1161 1944 1232 2003 iure
1244 1943 1332 2022 quod

103 2060 162 2139 ipsi
187 2059 302 2121 fratres
324 2059 422 2119 simul
446 2071 475 2119 et
498 2058 674 2138 separatim
699 2057 877 2118 habebant.
988 2058 1155 2118 Rinuneia
1170 2056 1264 2138 satta
1292 2057 1334 2116 da

109 2173 263 2235 Orabono
281 2175 312 2233 in
329 2171 528 2254 consororini
551 2172 679 2233 all'atto
694 2171 729 2231 cii
742 2192 899 2252 procura.
983 2172 1107 2233 Deinde
1124 2173 1202 2234 dicti
1221 2172 1337 2232 iratres

1105 2263 1124 2288 m

95 2299 168 2381 filij
188 2299 354 2380 qttoruicrm
389 2298 513 2358 duritini
547 2298 743 2368 loliannini,
767 2299 903 2378 receptis
933 2299 1028 2359 dictis
1061 2318 1142 2358 ·vt·
1177 2308 1209 2355 νο
1243 2297 1335 2357 libris

104 2415 317 2475 denariorum
354 2416 584 2474 veronensium
608 2435 624 2474 a
648 2414 736 2475 dicto
766 2413 949 2475 Guiscardo
976 2423 1035 2475 suo
1058 2428 1282 2494 procuratore,
1304 2428 1335 2473 et

106 2531 236 2611 insuper
260 2551 304 2590 mu
322 2549 329 2563 ·
348 2551 387 2589 u·
411 2531 502 2589 libris
524 2530 666 2591 eiusdem
691 2544 821 2591 monete
844 2553 860 2591 a
885 2531 1062 2591 Ilernordo
1083 2529 1252 2610 quondam
1282 2529 1336 2588 clo-

104 2646 183 2706 mini
197 2645 342 2724 Rauricij
357 2654 388 2704 et
404 2646 567 2725 irragislro
591 2645 682 2704 Bono
705 2644 846 2726 azrrifice
868 2645 906 2705 cie
933 2644 1091 2704 Grrarisis
1114 2643 1336 2724 procuratori-

104 2764 162 2823 bus
185 2775 215 2823 et
238 2761 467 2842 procuratorio
491 2761 623 2822 nomine
646 2761 731 2822 dicte
754 2761 885 2822 domine
910 2761 1094 2821 Viridis-
1180 2760 1336 2820 Orabonu

102 2877 213 2936 elriecie
235 2877 352 2956 quincii
373 2879 430 2937 elie
449 2874 602 2956 isratelli
617 2877 824 2946 Bonoccolsi,
842 2876 877 2936 cii
891 2877 945 2936 cni
960 2875 976 2936 e
985 2885 1221 2957 procuratore,
1239 2874 1334 2934 siano

102 2993 235 3051 liberati
257 2991 298 3050 tia
322 2992 404 3069 rigni
425 2990 556 3072 obbliga
579 3009 673 3050 verso
689 2991 862 3071 l'abbagia,
878 3012 894 3052 e
910 2991 1073 3052 <inritantia
1090 2994 1148 3051 clre
1165 3009 1184 3049 α
1202 2990 1266 3050 dar
1289 2991 1334 3049 vi·

101 3127 186 3188 gare
208 3127 227 3167 o
252 3109 316 3167 tale
345 3107 545 3184 liberm-inne
578 3107 773 3187 intervenga
806 3106 988 3168 l'auluritti
1020 3108 1054 3167 di
1082 3107 1334 3182 B(onirzconlr0)

104 3243 237 3284 vescovo
260 3224 294 3282 tii
325 3224 461 3282 Verona.
521 3223 590 3294 Qui
615 3243 690 3282 vero
713 3223 866 3283 dominus
891 3225 1193 3303 losepabbas,cum
1218 3224 1335 3284 volun·

104 3353 170 3399 tate
193 3353 223 3398 et
247 3358 403 3397 consensu
440 3338 662 3416 predictorum
688 3339 832 3408 irarum,
865 3340 1001 3419 capituli
1026 3353 1056 3399 et
1086 3353 1279 3409 conventus,
1302 3353 1333 3399 et

105 3458 162 3537 ipsi
190 3457 314 3525 iratres,
337 3457 522 3536 capitulum
547 3469 577 3516 et
601 3471 793 3527 conventus,
810 3457 937 3518 decreto
961 3471 990 3518 et
1015 3460 1214 3517 auctoritate
1233 3457 1334 3536 ipsius

104 3573 241 3641 domini,
255 3573 384 3632 abbatis
408 3573 613 3633 unanimiter
636 3587 666 3632 et
690 3573 905 3644 concorditer,
929 3593 1037 3653 perse
1061 3587 1090 3634 et
1115 3573 1239 3636 dictum
1265 3593 1334 3633 mo·

104 3689 283 3748 nasterium
308 3703 337 3748 et
361 3707 473 3748 eorum
498 3708 701 3758 successores,
722 3690 790 3748 vice
812 3705 843 3749 et
869 3689 1000 3750 nomine
1027 3689 1105 3749 clicti
1130 3688 1334 3759 monasterii,

103 3804 404 3864 animadvertentes
438 3824 511 3864 vera
541 3825 604 3864 esse
633 3825 695 3884 qtre
720 3825 774 3885 per
796 3807 921 3866 dictum
957 3807 1152 3866 (lrabonunr
1178 3824 1332 3885 procura-

104 3918 189 3978 torio
224 3921 356 3978 nomine
385 3919 575 4000 supradicto
608 3922 880 4000 proponebantur
909 3936 940 3982 et
973 3921 1332 3988 commemorabantur,

102 4051 132 4094 et
156 4034 244 4114 quoa
269 4034 333 4114 ipse
356 4035 532 4093 lirabonus
562 4035 688 4095 iustum
714 4051 744 4095 et
768 4057 889 4116 equum
922 4038 1051 4117 petebat
1075 4051 1105 4096 et
1130 4035 1330 4116 requirebat,

103 4154 277 4210 assultante
296 4153 306 4208 i
323 4151 466 4230 precietli
477 4151 616 4231 fratelli
638 4153 834 4212 Benaccolsi
848 4154 889 4213 cla
906 4155 987 4234 rigari
1009 4156 1079 4212 loro
1101 4153 1245 4234 obbliga,
1257 4171 1333 4231 prn-

104 4267 262 4327 ruetlcrtdo
296 4277 375 4325 lutto
409 4269 459 4326 cii»
493 4282 651 4347 perpetuo
680 4289 891 4340 conservare,
923 4290 979 4330 nec
1013 4271 1096 4350 ipsos
1121 4283 1150 4329 et
1174 4268 1331 4348 alliquem

101 4403 214 4442 eurum
240 4384 425 4462 inquietare
442 4398 472 4444 et
487 4386 668 4454 molestare,
685 4405 740 4444 nec
757 4385 933 4465 inquietari
957 4407 1009 4446 seu
1037 4385 1201 4447 molestati
1227 4384 1334 4444 lacere

103 4500 149 4544 vol
176 4499 365 4544 mormiliorn
383 4519 437 4544 rar-r
453 4520 483 4544 cr¹
512 4501 558 4544 vol
576 4500 675 4544 filiurn-r
696 4522 749 4544 nor
766 4522 815 4544 nm·
849 4503 908 4544 errl‘r
933 4523 1012 4544 mm
1032 4519 1062 4544 nr
1081 4505 1111 4544 in
1138 4521 1217 4544 noran
1233 4499 1333 4544 marin.
