2834 4792
100 478 137 537 58
394 494 564 538 tat-:marom
590 497 647 538 rar
672 497 801 539 varona
824 497 842 538 a
866 497 1017 540 usurovt

99 732 189 775 more
209 713 306 774 solito
328 725 535 794 congregato,
556 732 652 793 super
676 711 779 773 veteri
802 711 938 793 palacio.
992 741 994 746 ·
1030 711 1145 793 Ibique
1172 713 1328 775 dominus

98 827 303 891 Cathelanus
325 828 464 890 condam
488 827 615 889 domini
640 826 805 888 Guidonis
836 827 969 888 domine
997 826 1129 901 Hostie,
1157 826 1329 908 potestatis

99 945 257 1017 Mantue,
283 944 455 1026 proposuit
476 957 508 1006 et
530 941 717 1004 Consilium
741 943 941 1024 postulavit,
968 943 994 1004 si
1023 944 1128 1024 placet
1158 944 1327 1017 Consili0,

96 1059 185 1141 quod
197 1067 245 1140 (a)
266 1080 364 1141 super
387 1059 535 1121 facienda
557 1075 594 1152 et⁴
604 1060 781 1121 statuenda
800 1071 832 1120 et
853 1058 1015 1121 firmanda
1029 1060 1183 1122 societate
1206 1061 1240 1121 in
1256 1081 1328 1142 per-

96 1191 197 1258 petuo
215 1177 408 1250 obtinenda,
423 1177 553 1258 provisa
566 1190 598 1238 et
612 1189 755 1238 tractata
768 1177 859 1238 inter
875 1176 1089 1258 magnificum
1103 1178 1212 1240 virum
1226 1179 1327 1240 domi·

97 1314 177 1357 num
198 1294 362 1356 Ubertum
380 1294 604 1355 marchionem
627 1293 866 1356 Pellavieinum
882 1307 914 1355 et
930 1294 1104 1356 dominum
1128 1293 1262 1357 Bosium
1286 1294 1326 1357 de

98 1412 241 1473 Dovaria
258 1426 289 1473 et
306 1409 493 1472 Commune
510 1409 674 1472 Cremone
688 1431 727 1472 ex
744 1422 838 1492 parte
855 1430 922 1472 una
939 1424 970 1472 et
987 1411 1161 1473 dominum
1178 1416 1326 1490 Aeonem

99 1529 157 1590 Dei
178 1544 210 1590 et
238 1527 428 1609 Apostolica
451 1529 558 1608 gratia
583 1528 750 1588 Estensem
767 1539 798 1588 et
816 1527 1068 1589 Anconitanum
1098 1528 1325 1589 marchionem

95 1661 127 1708 et
150 1645 325 1707 dominum
351 1645 544 1726 Lodoycum
568 1645 722 1706 comitem
747 1644 875 1706 Verone
897 1658 929 1706 et
956 1642 1159 1706 Communia
1182 1644 1327 1707 civitatis

99 1763 237 1823 Mantue
259 1775 291 1823 et
314 1759 464 1824 Ferrarie
485 1773 517 1822 et
541 1761 654 1822 Padue
676 1782 713 1822 ex
738 1762 851 1836 altera,
867 1780 926 1841 pro
941 1781 972 1822 se
987 1774 1017 1822 et
1034 1760 1189 1822 omnibus
1209 1780 1324 1822 eorum

96 1877 213 1939 amicis
224 1876 399 1957 utriusque
411 1876 524 1957 partis,
535 1895 632 1957 super
645 1875 799 1955 capitulis
817 1875 947 1936 insertis
962 1877 996 1936 in
1013 1875 1199 1955 provisione
1223 1874 1326 1936 forme

96 1993 262 2056 societatis
284 1993 387 2054 missis
408 2005 439 2054 et
462 1991 548 2054 datis
570 1992 603 2052 in
627 1991 757 2071 scriptis
779 2011 796 2052 a
819 1990 908 2052 dicto
930 1989 1067 2052 domino
1091 1989 1217 2052 Uberto
1239 2009 1327 2051 mar-

95 2110 215 2171 chione
230 2109 433 2171 Pellavicino
449 2121 478 2169 et
492 2107 629 2168 domino
646 2107 741 2168 Bosio
756 2106 795 2167 de
814 2107 958 2168 Dovaria
976 2126 1035 2187 pro
1049 2127 1081 2168 se
1096 2121 1127 2169 et
1143 2106 1324 2168 Communi

96 2223 268 2297 Cremone,
291 2238 390 2306 prout
412 2225 604 2286 continetur
620 2225 654 2284 in
677 2226 839 2304 scriptura
865 2224 949 2285 facta
966 2243 1022 2304 per
1045 2224 1206 2306 Cambam
1231 2237 1325 2285 nota—

96 2343 182 2402 rium
204 2362 259 2403 seu
283 2341 506 2403 Ottavianum
530 2341 700 2402 notarium
732 2340 812 2401 dieti
845 2340 972 2401 domini
996 2339 1198 2401 marchionis
1219 2339 1324 2401 Pella·

97 2458 208 2528 vicini
229 2479 284 2520 seu
309 2459 521 2536 Meuaninum
546 2457 715 2519 notarium
732 2457 771 2518 de
795 2457 916 2528 Herba,
942 2471 972 2518 et
999 2456 1198 2518 examinatis
1218 2469 1251 2518 et
1272 2475 1324 2517 co-

97 2575 192 2634 rectis
213 2585 244 2633 et
267 2573 458 2654 approbatis
479 2574 615 2633 consilio
638 2587 668 2634 et
693 2574 866 2633 voluntate
889 2573 1117 2634 Ancianorum
1150 2571 1269 2652 Populi
1289 2585 1323 2633 et

96 2689 291 2770 Sapientum
317 2690 463 2758 Mantue,
486 2703 585 2770 prout
609 2691 800 2750 continetur
818 2691 851 2750 in
867 2690 1030 2770 scriptura
1050 2690 1179 2771 publica
1197 2709 1252 2770 per
1272 2709 1323 2750 me

96 2803 287 2886 Coaninum
312 2805 480 2866 notarium
498 2804 728 2875 reducendam,
744 2806 950 2885 presentibus
967 2805 1110 2866 dominis
1131 2810 1243 2884 Acone
1256 2825 1323 2886 pre·

96 2919 164 2980 fato
187 2920 246 2980 Dei
269 2935 300 2981 et
324 2922 511 3000 Apostolica
541 2923 648 3000 gratia
679 2922 805 2982 Estensi
833 2936 864 2982 et
894 2923 1108 2983 Anconitano
1131 2922 1323 2984 marchione

94 3052 126 3097 et
143 3036 300 3118 Lodoyco
313 3038 433 3098 comite
456 3038 585 3098 Verone
601 3052 632 3098 et
650 3037 785 3098 Matheo
807 3038 845 3098 de
869 3037 1002 3117 Corigia
1018 3052 1178 3119 potestate
1201 3038 1322 3110 Padue,

93 3167 125 3214 et
148 3152 290 3213 dominis
315 3152 440 3213 Uberto
463 3153 669 3214 Nosmanino
695 3168 726 3214 ct
757 3153 860 3234 Tysio
882 3153 921 3213 de
951 3153 1078 3233 Campo
1100 3153 1203 3214 sancti
1232 3153 1321 3214 Petri

93 3283 125 3330 et
150 3268 326 3329 Bonefacio
349 3269 454 3330 iudice
476 3271 514 3330 de
538 3271 650 3330 Solara
680 3284 711 3330 et
742 3271 900 3348 magistro
924 3269 1101 3330 Albertirro
1130 3271 1323 3330 ambaxato-

95 3385 185 3445 ribus
207 3387 355 3447 comunis
378 3385 488 3447 Padue
513 3407 571 3466 pro
601 3388 669 3468 ipso
692 3385 860 3446 communi
884 3385 1005 3456 Padue‚
1022 3406 1078 3447 nec
1103 3406 1169 3446 non
1185 3385 1322 3447 domino

96 3501 305 3564 Gruamonte
321 3502 459 3563 condam
477 3503 604 3563 domini
628 3502 824 3562 Cacinimici
840 3501 878 3561 de
896 3501 1046 3562 Bnnonia
1063 3514 1223 3582 potestate
1245 3501 1322 3561 Fer·

95 3619 189 3689 rarie,
211 3633 241 3679 et
266 3619 432 3679 nobilibus
455 3619 534 3678 viris
557 3619 742 3697 Adbegerio
758 3629 787 3677 et
812 3618 931 3677 Jacobo
947 3617 985 3677 de
1004 3617 1154 3677 Fontana
1172 3632 1203 3678 et
1222 3616 1321 3678 Petro

92 3733 132 3793 dc
159 3734 302 3806 Mixotis,
325 3749 355 3794 et
391 3736 539 3795 Antonio
573 3733 788 3814 Bonchipano
822 3733 1093 3793 tambaxatoribus
1126 3731 1322 3794 Communis

95 3848 241 3909 Ferrarie
265 3869 324 3930 pro
347 3850 415 3931 ipso
431 3850 611 3910 Communi
635 3849 796 3918 ferrarie,
820 3868 893 3908 cum
918 3849 1007 3908 dicto
1030 3849 1165 3908 domino
1194 3848 1322 3910 Uberto

94 3963 284 4025 marchione
308 3965 508 4025 Pellavicino
540 3981 570 4025 et
605 3965 740 4024 domino
776 3965 871 4023 Eosio
893 3965 931 4024 de
956 3963 1098 4022 Doraria
1127 3966 1201 4043 [pro
1221 3965 1266 4043 se]
1289 3977 1320 4023 et

93 4079 273 4140 Communi
292 4081 464 4152 Cremone,
481 4083 520 4141 ad
544 4081 753 4141 concordiam
773 4081 967 4159 procedatur
988 4081 1034 4152 (b)
1058 4080 1148 4140 iuxta
1179 4079 1318 4139 sormam

92 4195 256 4256 dictorum
280 4198 503 4277 capitulorum
528 4199 691 4257 societatis
715 4199 869 4257 datorum
896 4199 929 4256 in
952 4198 1079 4276 scriptis
1107 4218 1124 4255 a
1155 4197 1242 4256 dicto
1265 4197 1320 4256 do·

93 4312 183 4372 mino
209 4313 333 4374 i'herto
356 4315 546 4374 marchione
572 4315 774 4374 Pullaricino
797 4328 826 4372 et
852 4314 987 4373 domino
1009 4313 1102 4372 hosio
1121 4314 1157 4372 de
1176 4312 1319 4371 Dovaria

93 4449 151 4478 urst
169 4450 199 4478 se
215 4445 244 4478 et
263 4431 442 4478 (fosrrmrrni
463 4430 636 4478 (franiman.
655 4446 878 4478 corrm’trrrtrnr
898 4437 943 4478 (vi
967 4445 996 4478 et
1015 4430 1249 4479 :rnrmhntnrrtm
1269 4447 1321 4478 vo-
