2858 4792
101 484 162 563 ¹4²,
405 484 575 524 RELAZIONI
598 485 657 524 ΡΜ
680 484 811 527 VERONA
833 484 852 525 E
875 483 1028 524 MANTOVA

178 696 272 776 [Xil]
288 697 367 759 item
390 698 416 758 si
440 717 513 758 reus
529 697 678 758 debitum
694 695 926 759 contrafecerit
936 701 996 769 (a),
1014 695 1054 755 ad
1077 714 1144 754 ·x·
1166 693 1233 754 dies
1254 713 1332 755 con·

97 813 295 894 dempnetur
317 828 348 874 et
372 812 431 875 fiat
453 811 614 883 executio,
637 826 674 875 ut
695 832 795 892 supra
820 812 947 873 dictum
969 826 1016 873 est
1038 811 1077 872 de
1098 809 1280 872 sententiis.

178 928 289 1008 [xiil]
314 929 393 991 Item
418 928 508 1010 quod
529 929 638 990 omnis
659 943 775 991 tenuta
804 942 836 989 et
866 929 1018 1009 possessio
1045 930 1241 989 restituatur
1263 925 1334 988 eui-

102 1046 168 1107 ibet
181 1045 229 1119 (b)
254 1045 441 1106 Mantuano
465 1045 634 1106 habitanti
651 1047 684 1106 in
702 1045 832 1106 Verona
852 1045 901 1105 vel
918 1044 987 1106 eius
1002 1043 1165 1115 districtu,
1181 1059 1330 1123 tempore

98 1181 225 1240 guerre,
239 1162 296 1242 qui
306 1163 395 1222 venit
405 1160 445 1222 ad
455 1161 612 1222 mandata
626 1159 822 1222 Communis
841 1161 990 1232 Mantue,
1003 1159 1078 1221 talis
1088 1159 1220 1238 qualem
1234 1157 1333 1218 habe-

100 1277 156 1338 bat
179 1290 326 1358 tempore
349 1278 416 1347 illo,
438 1297 505 1357 quo
528 1277 654 1339 recessit
670 1275 709 1338 de
733 1276 863 1337 Verona
886 1277 937 1336 vel
958 1277 1027 1337 eius
1042 1276 1204 1336 districtu.
1287 1275 1332 1334 Et

100 1416 116 1453 e
133 1407 261 1463 contra,
284 1393 372 1473 quod
395 1393 503 1453 omnis
519 1406 633 1454 tenuta
650 1408 680 1454 et
697 1393 849 1474 possessio
865 1393 1062 1454 restituatur
1085 1392 1221 1452 cuilibet
1236 1390 1335 1451 Vero·

101 1509 192 1567 nensi
216 1507 386 1569 habitanti
409 1507 444 1568 in
463 1509 602 1569 Mantua
620 1508 669 1567 vei
686 1508 755 1568 eius
776 1508 939 1577 districtu,
963 1521 1108 1582 tempore
1124 1525 1250 1586 guerre,
1272 1506 1331 1585 qui

101 1622 191 1684 venit
204 1623 244 1683 acl
257 1623 414 1684 mandata
431 1622 627 1684 Communis
643 1623 781 1695 Verone,
797 1624 872 1684 talis
885 1623 1016 1703 qualem
1030 1622 1172 1682 habebat
1186 1636 1335 1701 tempore

100 1739 232 1817 qualem
259 1739 402 1800 habebat
426 1752 572 1818 tempore
589 1739 645 1799 ilio
668 1759 734 1819 quo
757 1742 883 1800 recessit
899 1739 938 1798 de
955 1739 1093 1798 Mantua
1118 1738 1168 1798 vel
1191 1737 1259 1798 eius
1280 1736 1335 1796 di—

101 1858 231 1926 strictu,
252 1855 350 1915 salvis
372 1855 466 1917 iustis
500 1856 743 1934 alegationibus
767 1855 859 1915 iactis
882 1875 937 1935 per
960 1875 1036 1915 eum
1064 1855 1116 1915 cui
1139 1854 1334 1935 apparuerit

105 1972 294 2032 restitutum
312 1978 367 2044 (c).

182 2086 291 2166 [XIV]
317 2086 396 2147 Item
414 2086 501 2166 quod
526 2087 654 2158 arbitri,
671 2088 721 2147 vel
737 2088 858 2168 quibus
873 2087 1109 2157 commiserint,
1125 2088 1247 2168 possint
1270 2088 1333 2146 exi·

101 2223 173 2282 gere
197 2224 213 2263 a
237 2204 387 2284 partibus
403 2223 463 2284 pro
478 2223 536 2262 suo
555 2204 666 2263 labore
689 2222 735 2263 ·rr
753 2223 760 2237 ·
781 2204 900 2264 solidos
924 2224 1102 2284 partorum
1127 2204 1165 2265 de
1183 2205 1333 2284 qualibet

103 2321 187 2381 libra
210 2322 248 2381 de
271 2341 336 2400 qua
360 2335 527 2401 peteretur
551 2320 620 2380 fieri
643 2321 778 2392 soluci0,
800 2336 831 2383 et
855 2321 892 2382 de
915 2322 1065 2401 qualibet
1088 2322 1171 2381 libra
1195 2321 1258 2392 rei,
1280 2322 1333 2382 vei

103 2439 318 2517 possessionis,
342 2439 391 2497 rei
416 2453 531 2498 tenute
553 2438 853 2506 eorum,stimande
875 2457 930 2497 seu
954 2438 1148 2518 apreciande
1172 2458 1226 2518 per
1250 2438 1337 2513 ipsos

103 2555 245 2615 arbitros
268 2555 317 2615 vel
343 2575 397 2634 per
420 2555 491 2614 ilios
514 2555 634 2634 quibus
658 2555 882 2615 commiserint
898 2575 1086 2633 cognoscere
1108 2556 1146 2614 de
1164 2574 1258 2614 causa
1277 2574 1338 2634 pro

104 2692 168 2751 qua
191 2672 277 2731 dicta
300 2672 423 2731 soiucio
440 2672 560 2730 laboris
584 2685 731 2752 paratur,
747 2686 778 2732 et
796 2673 892 2751 possit
910 2672 978 2732 iieri
1001 2672 1088 2731 dicta
1112 2671 1240 2732 exactio
1256 2686 1338 2732 tem-

105 2808 180 2867 pore
204 2808 269 2868 quo
292 2803 446 2868 petentur
469 2802 584 2847 tenuta
609 2789 658 2847 rel
684 2787 750 2848 iieri
776 2789 895 2858 missio,
926 2789 972 2847 rel
998 2788 1035 2846 iis
1058 2788 1118 2847 eric
1142 2801 1337 2859 contestata,

106 2905 154 2963 rei
180 2903 292 2963 habita
323 2924 382 2983 pro
405 2918 572 2972 contesta,
603 2904 653 2963 rel
686 2904 841 2964 coniessio
874 2905 935 2964 erit
971 2903 1077 2972 iacta,
1110 2903 1160 2963 vei
1190 2918 1338 2983 tempore

104 3039 169 3099 qno
193 3019 270 3080 rient
295 3021 506 3099 probationes
529 3021 578 3079 vei
603 3035 749 3100 tempore
777 3021 951 3091 sentencie,
983 3021 1032 3080 vel
1056 3034 1201 3100 tempore
1224 3039 1336 3080 execu-

105 3137 213 3204 tionis,
238 3136 286 3194 vel
311 3155 376 3214 quo
400 3151 583 3215 perteretur
606 3138 770 3196 sententia
794 3137 844 3195 vei
869 3137 1091 3196 instrumenta
1108 3135 1223 3195 crediti
1247 3155 1338 3195 man·

105 3253 172 3311 dati
196 3253 394 3321 executioni,
418 3252 558 3311 arbitrio
582 3253 726 3332 ipsorum
749 3254 965 3321 arbitrorum,
995 3252 1044 3312 vei
1078 3270 1190 3311 eorum
1215 3250 1336 3330 quibus

104 3368 330 3428 commiserint
341 3389 348 3441 ;
382 3368 427 3428 ita
451 3369 539 3447 qnod
563 3390 579 3428 a
605 3383 696 3446 parte
720 3369 871 3428 veniente
904 3370 1066 3447 exigatur,
1096 3366 1183 3447 quod
1207 3366 1337 3426 contin-

103 3483 187 3560 gerit
214 3484 299 3562 parti
325 3485 461 3552 absenti,
485 3485 571 3562 quoei
596 3498 809 3563 computatur
834 3485 866 3543 in
890 3485 1037 3563 expensis
1058 3483 1229 3544 solvendis.

186 3600 276 3679 [XV]
303 3599 382 3659 item
407 3601 495 3678 quod
520 3600 657 3659 notariis
678 3601 897 3660 scribentibus
920 3614 991 3660 acta
1019 3600 1228 3679 questionum
1252 3598 1338 3658 sati·

105 3716 175 3776 sriat
200 3717 237 3775 cie
260 3717 432 3796 scripturis
456 3737 510 3796 per
534 3733 650 3796 partes,
672 3717 768 3776 sicuti
793 3719 964 3795 arbitriis}
989 3718 1037 3777 rel
1066 3716 1339 3795 cognoscentibus

107 3853 168 3911 pro
192 3836 234 3893 eis
259 3834 426 3893 ridebitur
450 3835 634 3893 contenire.

187 3950 294 4027 [xvi]
320 3951 399 4009 item
424 3951 510 4028 quoii
529 3951 552 4007 si
572 3951 617 4007 ilii
641 3951 761 4028 quibus
785 3951 1007 4010 commiserint
1032 3950 1109 4009 ciicti
1134 3948 1251 4008 arbitri
1269 3967 1336 4008 non

106 4064 344 4123 conconiarent
370 4066 400 4123 in
422 4064 593 4123 sententiis
611 4063 759 4133 terendis,
776 4065 863 4143 quod
881 4084 936 4143 per·
952 4084 1013 4132 eos,
1031 4065 1079 4123 rel
1104 4066 1142 4123 cie
1162 4065 1339 4123 voluntate

105 4181 269 4240 dictorum
296 4181 499 4239 arbitrorum
534 4181 620 4257 apriti
645 4199 695 4238 eos
724 4200 820 4258 super
851 4181 997 4257 utralibet
1031 4180 1193 4240 sententia
1218 4178 1341 4238 tercius

106 4296 247 4343 riiusrrrn-
281 4311 309 4342 nt
334 4297 356 4342 ci
382 4295 419 4342 rii>
444 4296 543 4342 territi
577 4295 725 4342 aii-minin
760 4316 823 4343 nain
859 4295 1097 4343 correr'irwinrent
1136 4295 1220 4342 :inriti
1247 4293 1338 4342 mrim·
