2834 4792
100 490 138 569 34
402 511 576 555 narramur
600 511 659 554 raa
682 511 811 553 verona
834 511 853 551 a
877 509 1028 552 naurova

97 724 277 786 voluntate
291 725 463 807 potestatis
485 726 634 801 Mantue,
649 725 699 788 vel
717 725 852 789 maioris
863 727 975 811 partis.
1058 725 1098 788 de
1113 725 1239 808 guerris
1253 746 1333 788 vero

97 855 128 902 et
152 841 333 916 discordiis,
354 863 418 926 que
441 844 540 908 nrodo
565 849 644 907 sunt
667 843 860 910 incivitate
884 847 1033 917 Mantue,
1056 846 1106 908 vel
1127 846 1337 928 episcopatu»

95 959 145 1020 vel
160 959 195 1020 in
211 958 376 1034 futurum,
387 960 477 1042 quod
501 960 588 1022 Deus
604 975 746 1035 avertat,
767 963 948 1036 orirentur,
964 974 1091 1045 partem
1105 981 1172 1024 non
1187 961 1335 1045 capient,

94 1093 153 1136 nec
170 1076 366 1156 permittent
387 1075 530 1157 aliquem
549 1077 599 1138 vel
622 1076 751 1158 aliquos
771 1096 896 1159 capere,
918 1077 986 1140 imo
1009 1078 1094 1138 bona
1118 1075 1328 1139 lidedabunt

95 1209 229 1272 operam
256 1205 294 1253 ut
317 1196 367 1267 (a)
389 1189 615 1273 pacificentur.
697 1192 758 1253 hoc
779 1194 881 1265 salvo,
901 1193 990 1275 quod
1007 1211 1134 1275 semper
1149 1207 1330 1254 teneantur

95 1305 254 1368 adiuvare
266 1319 299 1369 et
311 1306 484 1370 defendere
499 1307 687 1370 Commune
701 1307 841 1370 Mantue
853 1323 968 1370 contra
982 1309 1138 1390 aliquem,
1154 1308 1211 1390 qui
1229 1308 1327 1371 vellet

95 1423 166 1504 ipso
180 1419 361 1484 Communi
379 1423 518 1485 obstare.
607 1436 639 1485 et
661 1422 686 1483 si
710 1422 830 1505 aliquis
852 1423 891 1485 de
914 1423 1067 1497 Mantua,
1090 1424 1140 1486 vel
1162 1423 1330 1496 districtu,

94 1539 256 1601 damnum
278 1538 414 1621 aliquod
441 1540 492 1602 vel
506 1539 652 1621 aliquam
675 1540 900 1613 offensionem,
923 1539 1091 1603 occasione
1113 1540 1212 1602 huius
1229 1540 1329 1602 socie·

95 1653 173 1716 tatis
192 1673 248 1716 seu
271 1655 444 1717 concordie
460 1655 559 1717 alicui
581 1645 746 1727 intulerit,
770 1657 821 1718 vel
845 1656 956 1717 fecerit
980 1674 1102 1738 pacem,
1117 1674 1172 1717 seu
1195 1674 1326 1748 concor3

94 1769 183 1832 diam
206 1771 256 1833 vel
279 1771 406 1834 exitum
430 1791 495 1834 non
521 1771 628 1845 faciet,
648 1772 720 1835 sine
744 1773 919 1835 voluntate
941 1773 1111 1855 potestatis
1136 1773 1274 1835 Mantue
1294 1787 1327 1834 et

94 1883 231 1966 Consilij
261 1886 363 1968 ipsius
383 1887 538 1958 civitatis,
564 1905 622 1950 nec
637 1888 707 1950 sine
728 1889 781 1950 eis.
884 1902 917 1951 et
938 1888 1122 1971 specialiter
1147 1887 1237 1969 quod
1256 1907 1323 1950 non

95 2001 216 2064 facient
237 2022 360 2085 pacem,
385 2004 452 2068 sive
479 2004 690 2067 concordiam
720 2005 866 2086 aliquam
890 2006 980 2084 [curn
1003 2004 1054 2086 iis]
1078 2005 1126 2080 (b)
1153 2003 1324 2086 quisunt,

95 2120 146 2179 vel
168 2131 266 2181 erunt
288 2139 402 2182 eorum
426 2119 617 2201 adversarij,
630 2121 700 2183 sine
722 2122 880 2202 parabola
896 2126 943 2195 (c)
959 2121 1060 2183 totius
1082 2119 1222 2182 Consilii
1241 2138 1326 2181 com·

94 2235 204 2296 munis
220 2236 359 2297 Mantue
375 2236 425 2298 vel
444 2236 578 2298 maioris
593 2237 707 2314 partis,
719 2256 777 2299 nec
791 2236 861 2298 sine
874 2237 950 2318 ipsis
966 2235 1161 2298 Mantuanis
1176 2235 1322 2316 aliquem

94 2351 221 2413 exitum
245 2352 376 2414 facient.
478 2367 510 2414 et
532 2353 557 2414 si
580 2352 659 2434 quid
682 2355 717 2413 in
741 2353 802 2415 hoc
826 2353 928 2424 brevi,
950 2353 1001 2414 vel
1024 2353 1058 2413 in
1089 2352 1325 2423 instrumento,

94 2468 268 2530 concordia
285 2469 443 2550 partium,
455 2468 608 2531 additum
631 2468 742 2540 luerit,
764 2468 847 2530 illud
870 2469 954 2531 idem
978 2467 1152 2530 attendent
1167 2481 1198 2529 et
1221 2468 1326 2528 obser·

95 2585 234 2648 vabunt.
328 2599 361 2648 et
392 2585 450 2647 hec
478 2586 591 2648 omnia
615 2584 735 2648 sacient
763 2587 884 2656 iurare,
907 2585 1075 2648 attendere
1097 2599 1128 2645 et
1150 2584 1325 2645 observare

94 2701 298 2782 quamcicius
320 2703 465 2784 poterint
488 2721 601 2763 omnes
623 2701 773 2763 homines
787 2722 843 2763 sue
865 2701 983 2772 Partis,
998 2701 1056 2782 qui
1074 2719 1162 2762 nunc
1177 2713 1255 2761 sunt
1271 2700 1322 2761 vel

94 2836 155 2897 pro
166 2830 312 2899 tempore
324 2831 433 2889 erunt,
448 2831 480 2880 et
492 2818 550 2898 qui
568 2837 628 2900 pro
640 2819 708 2900 ipsa
725 2832 819 2901 parte
834 2818 1093 2898 distringantur,
1115 2838 1131 2877 a
1155 2835 1163 2850 ·
1180 2837 1245 2876 xv·
1271 2835 1325 2876 an·

95 2934 144 2994 nis
165 2953 263 3015 supra
280 2949 310 2996 et
327 2954 344 2995 a
368 2953 429 2995 Ἣ(
446 2955 454 2969 ·
477 2935 573 2996 annis
588 2935 735 2998 inferius.
817 2950 848 2996 et
865 2935 1042 2995 annuatim
1067 2935 1126 2995 hoc
1143 2947 1252 2993 totum
1275 2951 1324 2992 su·

94 3048 203 3129 perius
223 3050 382 3130 scriptum
408 3049 527 3112 facient
550 3050 671 3120 iurare,
696 3050 867 3112 attendere
881 3063 912 3111 et
935 3050 1107 3111 observare
1132 3067 1245 3108 omnes
1269 3046 1326 3108 ho-

96 3165 199 3227 mines
220 3185 276 3226 sue
292 3165 410 3237 Partis,
432 3181 463 3227 et
479 3167 536 3247 qui
554 3186 613 3249 pro
636 3180 782 3249 tempore
805 3181 913 3237 erunt,
937 3182 968 3228 et
992 3186 1051 3247 pro
1074 3165 1141 3246 ipsa
1164 3176 1258 3244 parte
1281 3163 1326 3223 di·

94 3283 318 3364 stringantur,
333 3283 358 3343 si
376 3303 464 3364 posse
482 3284 665 3357 habebunt,
687 3299 717 3346 et
741 3285 819 3366 poni
843 3285 877 3345 in
902 3285 1000 3346 breue
1015 3304 1071 3344 sue
1096 3283 1213 3353 Partis,
1235 3297 1266 3343 et
1290 3281 1324 3342 in

95 3410 186 3478 posta
211 3397 409 3461 Communis
434 3397 561 3460 Verone
578 3399 729 3461 adsuunt
754 3420 853 3481 posse.
936 3414 966 3460 et
983 3419 1095 3460 omnes
1118 3397 1267 3458 homines
1282 3396 1326 3477 ip·

93 3512 159 3572 sius
181 3512 290 3572 Partis
311 3511 489 3574 annuatim
514 3513 617 3575 lacere
640 3514 749 3575 iurare
771 3515 883 3575 omnia
901 3514 1047 3595 predicta
1071 3511 1250 3574 attendere.

93 3649 156 3708 quc
178 3627 302 3698 omnia,
324 3627 408 3688 sicut
429 3629 579 3708 superius
599 3629 720 3710 scripta
736 3644 824 3698 sunt,
845 3631 1070 3690 observabunt
1085 3643 1115 3690 et
1134 3626 1255 3687 facient
1271 3627 1325 3687 ob·

92 3744 226 3814 servari,
250 3743 413 3823 usquead
437 3763 548 3803 'xxv‘
571 3763 674 3805 aranos
699 3759 730 3804 et
757 3744 873 3805 deinde
895 3743 1055 3824 quamdiu
1080 3741 1214 3821 utrique
1236 3740 1323 3821 parti

93 3858 254 3938 placuerit
278 3858 448 3919 attendere
467 3874 498 3920 et
520 3860 703 3921 observare.

173 3979 296 4034 Actum
329 3989 375 4035 est
408 3975 469 4035 hoc
491 3994 588 4035 omne
609 3975 836 4056 supradictum
860 3976 916 4035 ’Μ
933 3995 940 4008 ·
957 3996 993 4034 cc
1011 3993 1017 4008 ·
1035 3993 1101 4032 xru
1118 3992 1135 4043 ·,
1158 3969 1325 4031 indicione

92 4091 222 4170 quinta.

173 4206 256 4268 EGo
279 4205 516 4269 Bonaventura
540 4209 578 4268 de
602 4208 745 4269 Faxanis
770 4207 919 4269 notarius
935 4205 1015 4266 sacri
1033 4202 1160 4286 palacii,
1185 4201 1234 4261 lais
1255 4217 1324 4258 om-

94 4323 190 4373 nilauc
214 4321 366 4372 nredictr's
389 4342 516 4372 tirasone
550 4324 608 4372 lan.-
634 4324 892 4372 instrumentum
919 4322 993 4372 inde
1017 4317 1139 4372 cariosi.
