2874 4748
627 400 696 441 noc.
720 399 815 439 extu:
841 399 915 459 ¹299
1320 381 1375 441 313

1168 495 1376 511 -u--n—-A

151 607 314 681 dominiis,
337 609 530 681 honoribus,
542 609 671 671 iuribus
692 623 723 671 et
747 609 1012 672 iurisditionibus
1041 609 1248 692 presentibus
1269 623 1301 670 et
1333 610 1381 670 l'u-

151 723 244 796 turis,
265 745 362 807 super
395 725 464 787 eius
495 729 563 788 sive
594 745 707 788 eorum
742 740 829 788 terra
852 741 883 788 ct
906 726 1069 796 districtut
1102 740 1219 786 contra
1248 744 1381 786 omnem

152 859 334 920 personam,
355 842 530 924 collegium
559 856 590 904 et
613 844 864 905 universitatem
887 842 925 904 de
948 842 1074 904 mundo
1103 841 1266 903 hostiliter
1289 841 1384 902 inva-

152 957 294 1031 dentem,
315 973 532 1041 occupantem
565 964 615 1023 vel
646 961 896 1043 ingredientem,
925 962 993 1022 eius
1020 961 1088 1021 sive
1120 979 1234 1021 eorum
1257 973 1381 1020 terram

151 1088 183 1135 et
205 1073 393 1137 districtum
414 1090 445 1137 et
468 1077 540 1138 iura
557 1076 727 1148 adiuvare,
748 1077 931 1148 defendere,
948 1091 1162 1139 manutenere
1185 1091 1285 1157 atque
1307 1095 1384 1136 con-

151 1209 289 1252 servare.
372 1191 415 1252 Et
440 1190 568 1264 habere,
591 1206 701 1253 tenere
723 1205 754 1252 et
778 1206 921 1253 tractare
944 1213 1056 1253 omnes
1072 1192 1193 1253 amicos
1214 1193 1315 1274 ipsius
1331 1191 1384 1254 do·

152 1305 234 1366 mini
259 1306 472 1380 Marchionis,
495 1322 658 1389 presentes
679 1321 710 1369 et
735 1307 875 1381 futuros,
898 1328 957 1390 pro
980 1310 1074 1380 veris,
1095 1310 1180 1371 caris
1201 1325 1232 1371 et
1256 1309 1384 1371 intimis

151 1420 264 1482 amicis
285 1435 316 1482 et
338 1441 452 1483 omnes
473 1422 541 1483 eius
573 1422 734 1492 inimicos,
757 1437 920 1504 presentes
941 1437 972 1483 et
999 1423 1138 1494 futuros,
1171 1442 1231 1504 pro
1253 1422 1385 1505 perfidis

151 1535 303 1607 inimicis,
325 1538 466 1619 exceptis
489 1551 600 1600 tamen
626 1538 771 1600 bannitis
790 1557 849 1620 pro
872 1552 965 1620 parte
989 1540 1135 1620 ipsorum
1160 1539 1383 1600 Dominorum

152 1666 184 1712 et
203 1652 364 1713 Comunis
380 1654 529 1724 Mantue,
551 1670 651 1734 atque
674 1654 822 1716 locorum
845 1669 876 1716 et
900 1669 1065 1716 terrarum
1088 1657 1310 1717 subiectarum
1335 1655 1406 1715 iu-’

153 1766 318 1829 risditioni
334 1782 366 1831 et
384 1769 534 1830 dominio
557 1771 703 1851 ipsorum
728 1771 950 1832 Dominorum
967 1785 998 1832 et
1014 1772 1189 1832 cuiuslibet
1212 1791 1337 1842 eorum,
1353 1786 1383 1832 et

152 1886 211 1964 qui
232 1884 271 1945 de
293 1899 402 1946 cetero
426 1885 659 1958 bannirentur,
680 1905 762 1967 quos
788 1887 942 1947 bannitos
958 1907 1017 1968 pro
1038 1887 1105 1947 suis
1127 1887 1239 1947 amicis
1256 1887 1384 1957 habere,

152 2013 264 2060 tenere
286 2000 340 2062 vel
361 2014 504 2064 tractare
527 2023 592 2064 non
618 2016 807 2065 teneantur.

235 2116 276 2177 Et
298 2130 344 2178 est
367 2118 462 2198 plena
487 2118 630 2180 intentio
652 2120 819 2180 dictorum
843 2119 1055 2180 dominorum
1080 2119 1311 2194 B(ardelloni)‚
1333 2141 1384 2180 ca-

151 2231 277 2312 pitanei
302 2233 491 2305 Mantuani,
513 2248 543 2296 et
567 2236 718 2315 T(agini)
741 2235 809 2296 eius
833 2235 954 2304 fratris,
976 2235 1065 2315 quod
1095 2237 1202 2296 dictus
1229 2236 1384 2296 dominus

152 2346 305 2410 Marchio
327 2369 418 2411 versa
435 2351 503 2410 vice
525 2351 626 2420 ineat,
646 2351 754 2419 faciat,
770 2350 949 2411 contrahat
972 2365 1003 2411 et
1028 2351 1147 2413 habeat
1169 2370 1244 2412 eum
1261 2351 1382 2411 eisdem

154 2462 316 2535 Dominis,
338 2485 452 2526 eorum
485 2467 619 2527 nomine
641 2480 672 2527 et
696 2468 829 2527 nomine
852 2481 882 2527 et
907 2466 976 2527 vice
1005 2467 1150 2528 civitatis
1180 2469 1330 2538 Mantue,
1354 2482 1384 2528 et

152 2580 304 2640 omnium
329 2594 495 2643 terrarum
525 2598 556 2643 et
587 2585 733 2644 locorum
764 2582 913 2642 dominio
944 2597 975 2644 et
1006 2582 1207 2644 iurisditioni
1238 2583 1384 2663 ipsorum

153 2693 377 2757 Dominorum
401 2698 440 2758 de
463 2699 602 2759 Mantua
625 2699 848 2759 subiectorum
873 2719 984 2760 veram
1007 2712 1037 2759 et
1055 2719 1170 2779 puram
1197 2699 1387 2759 fraternita-

153 2824 232 2880 tem,
253 2812 452 2883 soeietatem,
475 2815 573 2894 ligant
591 2829 621 2875 ct
641 2815 810 2883 unionem,
834 2829 992 2895 perpetuo
1014 2828 1044 2874 et
1069 2814 1306 2875 inviolabiliter
1330 2813 1386 2873 du·

153 2940 316 2989 raturam.

235 3043 278 3104 Et
300 3045 388 3125 quod
412 3046 516 3107 dictos
539 3046 698 3107 Dominos
720 3061 751 3108 et
781 3068 894 3107 eorum
919 3048 1098 3126 quemlibet
1122 3061 1152 3106 et
1177 3046 1260 3106 lilios
1282 3060 1313 3107 et
1338 3046 1387 3108 he·

154 3159 244 3219 redes
266 3180 380 3222 eorum
410 3163 444 3223 in
474 3163 623 3224 dominio
651 3164 796 3225 civitatis
821 3164 968 3232 Mantele,
986 3178 1021 3224 ut
1054 3183 1140 3223 nunc
1172 3177 1260 3234 sunt,
1290 3178 1320 3225 et
1351 3163 1384 3224 in

152 3277 310 3338 omnibus
330 3281 395 3339 suis
417 3280 569 3351 dominis,
594 3280 784 3350 honoribus,
814 3280 942 3339 iuribus
971 3294 1002 3339 et
1030 3279 1294 3341 iurisditionibus
1317 3301 1388 3360 pre-

152 3394 301 3453 sentibus
324 3409 354 3455 et
379 3395 509 3466 futuris,
531 3410 645 3457 contra
663 3416 793 3457 omnem
812 3417 995 3475 personam,
1018 3397 1191 3476 collegium
1207 3410 1238 3456 et
1256 3396 1387 3456 univer-

152 3507 284 3570 sitatem
308 3511 347 3571 de
370 3512 495 3571 mundo
528 3512 691 3572 hostiliter
715 3512 938 3580 invadentem,
960 3527 1175 3592 occupantem
1201 3513 1252 3572 vel
1281 3512 1387 3590 ingre—

153 3626 300 3687 dientem
323 3640 445 3689 terram
468 3644 500 3688 et
523 3628 708 3688 districtum
732 3645 762 3688 et
787 3631 859 3688 iura
885 3629 1029 3708 ipsorum
1054 3629 1274 3689 Dominorum
1298 3642 1328 3688 et
1352 3628 1388 3688 fi-

152 3742 276 3803 liorum
299 3758 330 3804 et
354 3744 510 3805 heredum
534 3766 659 3812 eorum,
682 3745 827 3814 adiuret,
857 3745 1022 3813 defendat,
1046 3760 1262 3805 manuteneat
1286 3758 1386 3824 atque

152 3879 334 3926 conservet.

237 3982 278 4041 Et
302 3980 420 4040 habeat
443 3996 474 4041 et
498 3994 607 4040 teneat
629 3995 660 4039 et
684 3994 802 4040 tractet
825 3999 937 4038 omnes
960 3978 1080 4036 amicos
1103 3976 1247 4054 ipsorum
1275 3975 1387 4035 Domi·

152 4113 286 4164 norum,
299 4108 461 4174 presentes
483 4108 513 4154 et
538 4093 676 4163 futuros,
692 4113 750 4173 pro
764 4093 890 4162 veteris,
907 4093 998 4162 caris,
1022 4106 1052 4151 et
1077 4090 1203 4151 intimis
1225 4090 1338 4150 amicis
1355 4105 1386 4150 et

151 4229 267 4270 ornnes
288 4229 401 4270 eorum
425 4210 586 4277 inimicos,
609 4223 771 4290 presentes
793 4225 824 4268 et
850 4209 987 4277 futuros,
1005 4227 1063 4286 pro
1082 4205 1211 4286 perridis
1235 4205 1386 4272 inimicis,

151 4325 296 4407 exceptis
310 4326 455 4386 bannitis
469 4346 527 4406 pro
540 4339 632 4406 parte
656 4326 754 4406 ipsius
768 4325 893 4385 domini
915 4323 1117 4384 llarclrionis
1132 4338 1163 4382 et
1181 4322 1384 4382 Comunium

151 4444 329 4504 civitatum
354 4441 514 4510 Ferrarie,
539 4442 668 4502 Mutine
691 4457 721 4502 et
748 4441 850 4520 Regii,
874 4458 972 4519 atque
996 4429 1141 4500 locorum
1165 4453 1196 4498 et
1220 4452 1384 4498 terrarum

150 4559 378 4619 subiectarum
403 4556 604 4617 iurisditioni
629 4572 658 4616 et
683 4556 831 4616 dominio
854 4556 953 4636 ipsius
979 4554 1106 4614 domini
1130 4552 1331 4614 hlarchionis
1355 4567 1386 4611 et
