2858 4792
104 489 144 550 90
331 477 334 482 '
407 485 577 526 neiazronr
600 485 660 526 rna
684 485 811 529 venosa
836 488 854 526 n
878 487 1029 529 naurova

105 719 167 761 nus
189 698 394 762 Cathelanus
415 695 554 758 condam
578 696 705 758 domini
735 696 899 760 Guidonis
928 698 1061 761 domine
1084 699 1197 762 Hostie
1212 702 1251 764 de
1270 701 1332 762 Bo-

104 817 215 888 nonia,
238 827 378 897 potestas
392 814 540 883 Mantue,
552 811 591 873 de
603 813 777 874 voluntate
791 826 823 874 et
835 832 993 876 consensu
1015 817 1167 878 omnium
1188 816 1227 877 de
1242 817 1332 879 dicto

102 931 259 1003 Consilio,
271 930 457 992 Commune
469 942 500 990 et
514 927 674 989 Homines
692 928 840 1000 Mantue,
852 943 883 990 et
898 948 1011 992 omnes
1024 930 1062 991 de
1080 931 1168 993 dicto
1184 931 1331 994 Consilio

103 1047 307 1110 unanimiter
329 1059 360 1108 et
382 1045 598 1117 concorditer,
610 1045 741 1106 nemine
762 1045 1020 1119 contradicente,
1037 1047 1194 1119 fecerunt,
1215 1049 1332 1111 consti·

102 1177 241 1225 tuerunt
263 1177 295 1225 et
317 1162 559 1224 ordinaverunt
584 1159 735 1221 dominos
758 1160 945 1224 Ardoinum
977 1163 1015 1225 de
1039 1163 1141 1225 Bosiis
1162 1178 1193 1227 et
1217 1164 1333 1227 Vival-

102 1280 182 1341 dum
201 1278 239 1340 de
262 1278 462 1358 Tritapaleis
483 1277 615 1347 iudices,
635 1297 710 1338 suos
731 1290 836 1339 certos
856 1278 1006 1352 sindicos,
1029 1294 1163 1354 actores,
1192 1282 1330 1343 nuncios

101 1407 133 1456 et
157 1407 397 1475 procuratores,
418 1392 598 1454 secundum
622 1391 710 1474 quod
740 1394 857 1454 melius
879 1395 987 1456 valere
1010 1408 1155 1476 possunt,
1180 1395 1221 1456 ad
1243 1410 1330 1457 trac·

102 1508 250 1579 tandam,
281 1508 474 1579 faciendam,
503 1507 731 1590 complendam
755 1523 786 1569 et
809 1508 1018 1581 firmandam,
1047 1511 1179 1573 nomine
1203 1524 1234 1573 et
1257 1512 1328 1572 vice

103 1623 299 1686 Communis
310 1638 340 1686 et
358 1623 543 1685 Hominum
559 1625 705 1695 llantue,
718 1644 841 1704 pacem,
858 1623 966 1697 finem,
979 1627 1200 1689 remissionem
1213 1640 1243 1688 et
1256 1645 1331 1687 con·

100 1741 247 1802 cordiam
263 1758 337 1801 cum
355 1740 483 1821 Populo
504 1753 535 1802 et
552 1739 732 1802 Communi
758 1754 790 1802 et
807 1740 1009 1803 Hominibus
1031 1741 1170 1814 Verone,
1186 1743 1235 1803 vel
1251 1762 1328 1803 cum

100 1874 215 1916 eorum
236 1853 377 1927 sindicis,
400 1855 576 1927 actoribus,
604 1876 658 1917 seu
689 1857 971 1936 procuratoribus,
994 1857 1034 1919 ad
1064 1858 1124 1920 hoc
1144 1858 1329 1940 specialiter

100 1970 298 2041 constitutis,
320 1991 374 2032 seu
397 1970 646 2038 constituendis,
666 1972 846 2033 secundum
866 1987 1014 2035 tenorem
1037 1987 1068 2035 et
1087 1973 1225 2036 formam
1245 1974 1331 2055 capi·

100 2085 251 2148 tulorum
273 2085 573 2168 infrascriptorum,
598 2106 661 2167 que
682 2101 760 2148 sunt
784 2087 851 2180 hec.

181 2199 304 2271 Prim0,
320 2200 408 2281 quod
425 2203 463 2261 de
478 2200 633 2262 omnibus
654 2201 781 2274 iniuris,
795 2201 991 2275 homicidiis,
1008 2202 1177 2275 incendiis,
1193 2206 1331 2286 rapinis,

99 2315 327 2377 invasionibus
348 2331 379 2378 et
401 2317 556 2402 omnibns
578 2317 650 2377 aliis
671 2317 799 2388 dannis,
828 2339 883 2394 seu
914 2318 1081 2380 maleficiis
1103 2318 1213 2400 aliqua
1236 2338 1330 2381 occa-

74 2430 189 2514 ¹sione
211 2430 288 2491 hinc
311 2445 399 2493 retro
422 2453 439 2492 a
464 2432 657 2493 Mantuanis
684 2448 799 2494 contra
831 2433 1032 2495 Veronenses
1062 2447 1092 2496 et
1116 2454 1132 2495 a
1161 2433 1331 2496 Veronen-

99 2545 188 2606 sibus
199 2560 313 2609 contra
338 2547 540 2608 Mantuanos
563 2549 751 2620 commissis,
767 2549 800 2609 in
817 2549 913 2610 dictis
928 2564 959 2610 et
974 2549 1077 2620 factis,
1099 2551 1166 2610 sive
1182 2564 1330 2630 tempore

100 2662 196 2743 pacis,
217 2663 283 2724 sive
315 2676 461 2744 tempore
490 2684 615 2744 guerre,
644 2665 695 2724 vel
725 2680 873 2747 treugue,
904 2664 1026 2726 faciant
1056 2664 1116 2725 sibi
1140 2684 1157 2725 a
1186 2663 1328 2725 invicem

99 2790 290 2859 perpetuam
315 2799 437 2860 pacem,
460 2777 558 2840 finem
581 2793 612 2840 et
636 2781 868 2842 remissionem.

180 2895 260 2956 Item
273 2894 362 2974 quod
378 2915 490 2955 omnes
505 2895 592 2975 capti
609 2897 782 2977 utriusque
796 2895 952 2956 Civitatis
964 2910 995 2956 et
1013 2895 1200 2967 Districtus,
1217 2915 1233 2954 a
1251 2912 1331 2975 qua·

97 3028 239 3088 cumque
261 3029 397 3090 persona
422 3025 574 3071 teneatur
598 3031 657 3091 pro
679 3012 859 3082 communi,
882 3014 931 3072 rel
955 3011 1071 3081 diviso,
1095 3011 1196 3071 libere
1219 3009 1330 3069 dimit·

98 3139 224 3186 tantur.

181 3243 260 3303 Item
277 3244 365 3323 quod
382 3243 568 3306 Commune
584 3245 721 3306 blantue
735 3259 887 3306 teneatur
901 3245 978 3304 dare
993 3263 1127 3324 operam
1140 3257 1199 3303 etc.
1218 3241 1329 3322 Segne

96 3378 185 3418 come
208 3361 260 3419 nel
276 3360 470 3440 precedente
492 3363 686 3423 documento
709 3380 865 3422 veronese
889 3363 932 3420 28
955 3380 1027 3420 reon.
1053 3379 1095 3419 12
1098 3378 1152 3438 59.

177 3475 219 3534 Et
243 3475 283 3534 ad
306 3477 569 3555 promittendum
596 3478 727 3537 nomine
750 3492 780 3536 et
805 3478 872 3536 nce
888 3475 966 3535 dicti
985 3474 1182 3536 Communis
1204 3488 1236 3535 et
1261 3472 1330 3534 Ho-

97 3590 224 3672 minum
251 3591 389 3652 blantne
411 3607 441 3653 et
464 3593 503 3652 ad
528 3595 707 3653 iurandum
736 3612 833 3672 super
856 3592 956 3672 ipsius
980 3591 1177 3651 Communis
1203 3605 1234 3651 et
1260 3589 1330 3651 Ho-

96 3706 223 3767 minum
248 3708 386 3768 blantue
400 3712 535 3778 animas,
552 3709 641 3768 dicto
656 3708 793 3788 Popula,
807 3707 986 3768 Communi
1000 3721 1029 3767 et
1048 3707 1249 3767 Hominibus
1266 3705 1329 3767 Ve-

96 3842 184 3894 rone,
208 3825 257 3883 vel
280 3844 393 3884 eorum
416 3825 547 3884 sindicis
570 3840 600 3884 et
624 3823 798 3893 actoribus,
829 3825 879 3883 uel
905 3823 1176 3902 procuratoribus
1200 3820 1239 3880 ad
1266 3820 1329 3882 hoc

96 3937 277 4015 specialiter
300 3939 489 4000 constitutis
520 3941 569 3999 vel
600 3940 847 4009 constituendis,
869 3940 957 4018 qtiod
980 3939 1106 3999 dictum
1139 3939 1330 3998 Commune

95 4067 126 4112 et
151 4053 310 4115 Homines
333 4057 470 4115 biantue
495 4057 664 4115 lnibebunt
690 4071 846 4136 perpetuo
870 4055 998 4114 lirmam
1026 4069 1056 4114 et
1078 4069 1184 4113 ratam
1203 4053 1330 4132 predic-

96 4182 163 4228 tam
188 4190 309 4249 pacem,
332 4171 428 4231 linem
454 4187 483 4231 et
507 4174 728 4231 remissionem
746 4187 775 4231 et
794 4192 857 4230 non
881 4171 1144 4240 contravenient,
1163 4185 1194 4230 et
1219 4170 1259 4230 ad
1284 4190 1331 4231 re·

94 4285 281 4364 cipiendum
305 4290 444 4348 similem
470 4289 715 4369 promissionem
740 4288 836 4366 pacis,
861 4286 933 4346 linis
956 4302 986 4346 et
1011 4285 1207 4346 remissionis
1230 4298 1261 4346 et
1278 4307 1332 4347 sa-

94 4403 384 4463 cramentiadicto
402 4404 538 4484 Populo,
562 4405 741 4463 Communi
765 4418 795 4462 et
822 4403 1021 4463 Hominibus
1047 4403 1184 4472 l'erone,
1210 4403 1260 4462 vel
1285 4405 1330 4464 ab

92 4536 204 4576 eorum
228 4518 369 4586 sinelicis,
393 4522 559 4579 artioribus
575 4536 604 4579 ct
623 4519 892 4599 procuratoribus
910 4517 948 4577 nd
969 4517 1026 4577 linc
1050 4518 1232 4597 specialiter
1253 4537 1332 4579 con·

90 4632 214 4680 criniri<
248 4655 299 4680 ceti
326 4636 563 4680 rinscrirnanli«
597 4651 626 4680 ut
660 4635 695 4680 ml
727 4635 899 4680 direntium
926 4648 955 4680 vt
984 4634 1166 4680 insinua-inm
1196 4632 1230 4680 ira⁴
1255 4653 1331 4680 nro.
