2858 4792
103 469 141 547 98
405 489 575 531 aruizrour
602 491 661 531 aar
685 491 817 533 arraona
837 493 856 533 r:
879 493 1029 534 alarum

137 717 168 766 et
181 702 337 765 dominus
349 703 523 785 Philippus
538 720 569 767 et
585 705 739 768 dominus
754 706 905 787 Napuleo
917 720 948 768 et
961 707 1115 770 dominus
1129 708 1333 781 Franciscus,

102 821 158 901 qui
181 821 340 883 dicuntur
356 820 394 883 de
410 821 440 882 la
464 821 574 883 Turre
595 823 679 883 cives
696 822 963 895 Mediolanenses,
986 843 1046 904 pro
1068 844 1098 884 se
1120 839 1152 887 et
1175 826 1332 887 omnibus

102 940 174 1001 aliis
186 939 224 999 de
237 938 403 1020 parentela
417 938 456 1020 de
468 938 498 999 la
512 937 621 1000 Turre
644 938 771 1024 agnatis
792 938 857 999 suis
866 958 874 1014 ;
947 953 978 1001 et
1001 940 1155 1001 dominus
1171 943 1332 1003 Alaman-

102 1077 164 1118 nus
185 1057 223 1117 de
246 1054 387 1125 Bonciis,
408 1069 439 1116 et
462 1053 617 1114 dominus
639 1047 795 1116 Albertus
817 1054 855 1115 de
877 1053 974 1135 Papis
995 1055 1111 1117 sindici
1134 1055 1332 1119 Communis

100 1187 131 1234 et
156 1172 340 1234 Hominum
365 1169 527 1251 Pergami,
542 1183 579 1230 ut
594 1183 722 1232 constat
739 1191 793 1252 per
808 1185 935 1232 cartam
952 1161 1110 1233 traditam
1127 1187 1157 1233 et
1172 1174 1329 1254 scriptam

101 1309 158 1370 per
181 1288 369 1368 Ayroldum
385 1285 423 1347 de
441 1280 553 1346 Comis
569 1274 731 1346 sIndicum
750 1286 946 1352 Communis
958 1286 1108 1367 Pergami
1125 1302 1156 1348 et
1171 1287 1328 1369 scriptam

102 1425 157 1486 per
182 1403 337 1503 lolianem
361 1401 513 1482 Cuppam
543 1400 582 1481 de
605 1400 767 1472 Credam,
796 1403 857 1463 isto
880 1423 968 1464 anno
990 1404 1041 1464 die
1070 1388 1222 1483 mercurii
1247 1423 1329 1464 Ἣ·

101 1520 240 1581 exeunte
256 1538 364 1578 mense
380 1518 591 1591 novembrio;
673 1533 704 1578 et
722 1518 876 1579 dominus
892 1518 1005 1579 Pasius
1021 1519 1151 1600 'Gregus
1173 1534 1203 1580 et
1227 1520 1332 1580 domi-

70 1706 75 1718 ·
103 1655 163 1696 nus
179 1634 308 1695 Leonus
322 1633 511 1694 advocatus
523 1648 553 1693 et
568 1633 736 1694 Antonius
747 1634 786 1694 de
800 1634 921 1695 Sancto
937 1634 1112 1695 Benedicto
1124 1649 1154 1695 et
1170 1634 1331 1716 Mapheus

101 1753 139 1812 de
162 1750 305 1811 Castello
326 1749 442 1810 sindici
458 1763 488 1813 et
505 1749 733 1809 ambaxato'res
758 1748 955 1810 Communis
977 1762 1007 1810 et
1032 1749 1216 1811 Hominum
1241 1748 1330 1809 Civi-

102 1868 180 1930 tatis
202 1866 398 1937 Cumarum,
421 1880 458 1926 ut
481 1879 609 1926 constat
633 1885 688 1948 per
710 1881 835 1926 cartam
860 1866 1018 1926 traditam
1042 1880 1072 1927 et
1095 1867 1250 1946 scriptam
1273 1886 1329 1947 per

104 1983 260 2045 lohanem
276 1983 316 2044 da
334 1984 453 2057 Manco
466 1981 635 2042 notarium
655 1995 686 2041 et
709 1981 848 2042 scribam
865 1982 981 2062 palacii
995 1984 1041 2062 (α)
1069 1981 1253 2044 Cumarum
1269 1983 1330 2044 hoc

101 2122 189 2162 anno
212 2101 263 2161 die
285 2101 425 2171 sabbati,
447 2119 553 2159 ’νην
575 2113 715 2160 exeunte
732 2119 840 2160 mense
858 2099 1040 2174 februari03
1124 2113 1155 2181 et
1174 2100 1330 2161 dominus

101 2217 282 2295 ancelinus
302 2216 341 2276 de
364 2193 525 2286 Silarano‚
548 2214 628 2274 iuris
646 2215 780 2294 peritus,
802 2215 997 2276 ambaxator
1020 2230 1050 2277 et
1066 2215 1210 2276 sindicus
1225 2214 1329 2276 Com·

101 2332 210 2392 munis
232 2344 262 2391 et
288 2329 472 2391 Hominum
489 2328 633 2388 civitatis
650 2327 773 2399 Laude,
791 2342 826 2389 ut
853 2344 980 2390 constat
1004 2350 1059 2410 per
1076 2344 1202 2389 cartam
1226 2349 1329 2390 unam

100 2449 258 2509 traditam
282 2461 313 2508 et
335 2447 490 2527 scriptam
511 2465 566 2526 per
590 2444 739 2506 Leonum
756 2445 795 2506 de
813 2446 916 2521 Melco
940 2446 1108 2506 notarium
1131 2459 1161 2505 et
1183 2447 1325 2507 scribam

101 2572 218 2653 palacii
234 2572 281 2646 (b)
304 2570 500 2631 Communis
526 2569 649 2640 Laude,
664 2570 723 2630 hoc
737 2591 836 2640 anno,
859 2571 909 2630 die
926 2572 1041 2631 martis
1062 2593 1070 2606 ·
1088 2544 1168 2634 xviri
1185 2594 1191 2607 ·
1210 2575 1330 2634 mensis

102 2687 276 2765 l'cbruarij;
328 2703 359 2748 et
376 2687 530 2747 dominus
548 2685 684 2746 lohanes
699 2686 737 2746 de
754 2686 983 2748 Brunomonte
998 2704 1028 2749 et
1041 2689 1195 2751 dominus
1208 2696 1330 2772 Aycar·

100 2806 159 2866 dus
175 2795 444 2881 de'Comodoecia
460 2815 688 2864 amuaxatores
704 2820 735 2865 et
750 2805 865 2865 sindici
884 2803 1079 2866 Communis
1094 2823 1124 2868 et
1143 2807 1328 2869 Hominum

99 2923 243 2982 civitatis
266 2921 420 2990 Novarie,
442 2935 479 2980 ut
502 2933 629 2980 constat
660 2941 715 3001 per
744 2936 869 2981 cartam
895 2942 993 2981 unam
1019 2923 1175 2983 traditam
1205 2940 1235 2984 et
1258 2926 1332 2985 sub·

98 3038 254 3118 scriptam
275 3057 330 3118 per
347 3036 540 3116 Philippum
558 3036 716 3096 Botinum
734 3037 957 3115 [dictatorem]
975 3037 1170 3098 Communis
1187 3040 1330 3101 Novarie

99 3171 129 3216 ct
152 3156 308 3236 scriptam
333 3175 387 3234 per
401 3154 594 3214 nuscanum
613 3154 858 3214 insinuatam
883 3156 1063 3225 notarium,
1087 3155 1146 3216 hoc
1164 3176 1262 3227 amm,
1278 3158 1330 3218 die

101 3272 236 3340 ceneris,
261 3290 348 3329 nono
381 3285 519 3329 exeunte
551 3269 736 3343 l'eliruario;
841 3290 952 3329 ornnes
983 3271 1119 3349 predicti
1149 3287 1180 3332 et
1206 3273 1329 3352 singuli

98 3389 275 3449 sindicario
299 3388 432 3448 nomine
456 3387 678 3467 predictarum
704 3386 890 3447 Civitatum
915 3404 945 3447 et
965 3388 1147 3448 Hominum
1171 3410 1207 3449 ex
1225 3389 1329 3450 altera

100 3522 202 3586 parte,
222 3506 378 3565 habentes
401 3505 534 3584 plenum
559 3504 736 3564 arbitrium
761 3518 792 3564 et
816 3521 1008 3583 potestatem
1029 3505 1157 3565 adictis
1179 3507 1243 3565 suis
1266 3505 1329 3566 Co-

99 3622 256 3682 munibus
278 3635 308 3680 et
333 3619 556 3697 singularibus
573 3620 726 3699 personis,
749 3619 834 3678 inter
857 3641 887 3680 sc
905 3621 942 3678 acl
962 3620 1101 3680 invicem
1121 3622 1330 3702 stipulantes,

98 3759 134 3797 cr
159 3755 245 3797 certa
269 3735 403 3795 scientia
429 3735 617 3795 l'eceruntet
632 3749 869 3795 contraxerunt
892 3735 989 3795 simul
1006 3739 1203 3806 societatem,
1227 3736 1330 3806 leduS,

101 3856 255 3914 unionem
290 3870 320 3915 et
355 3852 537 3912 amiciciam
573 3874 693 3924 ruram,
720 3869 876 3934 perpetuo
910 3854 1119 3923 duraturam,
1147 3855 1327 3914 secundum

99 3986 245 4031 tenorem
269 3985 299 4030 et
325 3969 464 4029 formam
490 3969 745 4048 infrascriptam.
842 4017 849 4033 ,
878 3972 981 4029 (jaim
1005 3970 1166 4029 societatis
1193 3984 1222 4030 ct
1249 3972 1332 4030 ami-

98 4087 175 4146 cicie
199 4102 292 4146 tenor
313 4086 386 4145 talis
409 4101 464 4152 est,
487 4099 517 4143 et
540 4085 583 4143 sic
608 4085 733 4163 incipit.

179 4203 220 4281 [l]
248 4202 314 4260 Huc
337 4216 381 4260 cst
407 4202 559 4271 Societas,
583 4203 671 4270 atriu,
696 4217 854 4281 perpetuo
891 4203 983 4273 lacta,
1007 4219 1175 4263 contracta
1200 4216 1230 4263 et
1254 4223 1332 4262 con-

97 4321 212 4366 critrrttr
241 4322 325 4366 intur
350 4318 536 4366 (frinrnrtrrn-
559 4333 588 4367 ot
615 4320 776 4366 lumniam
805 4319 982 4366 llr‘ulinlerni
1008 4337 1037 4366 ur
1062 4320 1211 4366 illumino<
1238 4320 1276 4366 rip
1301 4321 1330 4366 ln
