2858 4792
604 428 676 470 noc,
701 429 805 469 xrvn:
833 429 907 491 1277
1317 415 1371 493 159

122 534 660 546 -ᾘ-ῌ,-,--.
673 538 776 544 ——u
1126 539 1350 546 Ἥ
1354 541 1367 547 .,

123 657 174 704 το.
269 645 351 707 Item
368 645 406 705 de
422 663 488 706 una
502 643 589 724 pecia
603 657 688 706 terre
701 643 854 716 aratorie,
865 643 950 706 circa
964 665 1044 705 ‚vna
1057 663 1251 724 camporum
1274 666 1370 727 penes

126 760 253 821 villam
279 759 451 838 Castelarij
476 759 517 821 ab
541 778 608 820 uno
630 759 742 832 latere,
764 760 853 821 viam
869 780 934 842 qua
951 761 1018 822 itur
1042 760 1083 821 ad
1107 761 1315 822 Molendinos
1331 761 1370 822 de

127 874 248 935 Medio
264 875 307 936 ab
322 874 399 945 ali0,
411 889 442 936 et
455 873 544 935 viam
560 894 625 955 qua
638 875 708 936 itur
721 874 761 936 ad
775 877 937 956 prlaltum
955 875 1075 937 Valisa
1090 877 1199 938 tertia.
1286 877 1366 938 Item

129 991 276 1052 seudum
300 991 387 1072 quod
411 991 543 1052 tenebat
566 991 743 1054 Jacobinus
765 992 803 1053 de
825 992 938 1053 Badile
960 997 991 1055 et
1015 993 1246 1054 Marchesellus
1267 1009 1299 1055 et
1321 1015 1372 1055 eo-

129 1129 210 1170 rum
237 1122 403 1170 consortes
435 1107 469 1169 in
501 1105 623 1178 lnsulo,
646 1108 701 1168 ubi
729 1109 852 1170 dicitur
886 1109 1055 1180 Alodium,
1087 1129 1151 1190 que
1182 1109 1277 1170 debet
1307 1129 1371 1170 esse

130 1226 221 1286 circa
247 1245 315 1285 ,xta
338 1225 444 1303 campi
469 1243 564 1304 penes
593 1225 719 1286 dictum
750 1225 987 1287 monasterium
1012 1227 1053 1286 ab
1084 1227 1239 1288 omnibus
1261 1227 1331 1288 late:

132 1343 207 1402 bus.
311 1339 392 1401 Item
417 1338 543 1410 lictum,
572 1340 661 1420 quod
694 1354 783 1402 tenet
807 1339 1010 1402 Guiscardus
1039 1356 1070 1403 et
1095 1343 1195 1404 frater
1218 1357 1249 1404 et
1272 1343 1359 1404 solvi

130 1472 285 1540 quatuor
308 1457 444 1520 minalia
469 1458 629 1520 frumenti
658 1458 750 1519 omni
780 1478 869 1520 anno
898 1459 932 1520 in
964 1459 1043 1520 festo
1065 1459 1169 1520 sancti
1197 1460 1312 1530 Firmi,
1336 1460 1359 1520 ir

131 1590 293 1638 contrata
317 1575 439 1656 Alodij.
535 1577 578 1638 Et
601 1576 797 1656 generaliter
820 1577 921 1637 eciam
944 1577 983 1638 de
1005 1577 1161 1638 omnibus
1183 1578 1254 1639 aliis
1277 1591 1325 1639 ter

130 1707 163 1754 et
190 1691 454 1774 possessionibus,
477 1692 640 1766 aratoriis
664 1692 812 1772 prativis,
836 1692 985 1764 vineatis,
1001 1693 1241 1765 casamentivis,
1265 1714 1359 1754 nemo

133 1809 240 1879 ribus,
264 1807 482 1888 paludibuset
499 1808 592 1888 aquis
614 1808 726 1889 positis
742 1808 775 1868 in
792 1809 894 1880 curia,
917 1809 1054 1888 guarda,
1076 1808 1229 1869 districtu
1253 1822 1283 1869 et
1301 1828 1357 1889 per

132 1926 285 1987 tinencia
308 1925 492 2005 Castelarij,
514 1940 545 1987 et
569 1927 710 1987 maxime
735 1927 767 1987 in
793 1927 904 1988 lnsulo
927 1942 958 1988 et
987 1928 1100 1988 Monte
1124 1927 1262 1997 Cuculo‚
1284 1947 1371 2008 spec·

133 2041 291 2102 tantibus
321 2055 353 2102 et
385 2041 629 2122 pertinentibus
658 2042 698 2102 ad
731 2063 805 2103 eum
829 2057 859 2103 et
883 2043 1004 2104 dictam
1040 2043 1217 2112 ecclesiam,
1243 2042 1359 2103 tamir

132 2157 231 2229 fictis,
254 2156 387 2218 decimis
409 2172 440 2219 et
463 2156 577 2228 feudis
600 2177 700 2238 quam
718 2157 751 2218 in
769 2157 884 2218 alodiis
907 2173 937 2218 et
961 2157 1065 2219 dictis
1150 2159 1295 2237 Excepta
1313 2157 1335 2217 il

131 2275 302 2344 clausura,
323 2293 386 2354 que
408 2287 540 2335 tenetur
563 2293 618 2354 per
643 2273 787 2334 Leonem
811 2273 943 2334 lixicum
967 2273 1005 2334 de
1029 2273 1168 2334 Mantua
1193 2272 1233 2334 ad
1257 2272 1331 2332 fictu

133 2410 150 2449 a
176 2388 269 2449 dicto
292 2387 492 2449 monasterio
520 2388 624 2449 sancti
653 2388 807 2470 Cononis.
911 2387 974 2447 Cui
999 2387 1135 2468 predicti
1159 2407 1287 2468 procur«¹

132 2505 371 2587 procuratorio
393 2505 527 2566 nomine
553 2505 632 2566 dicti
666 2506 793 2566 domini
825 2506 1003 2566 loliannini
1028 2505 1197 2585 recipienti
1222 2524 1279 2585 pro

132 2621 276 2682 domino
291 2619 478 2682 lohannino
493 2634 524 2681 et
542 2620 608 2680 suis
621 2620 795 2681 heredibus
813 2636 843 2682 et
859 2622 1095 2682 successoribus
1118 2621 1202 2681 idem
1217 2620 1271 2680 dor

133 2738 240 2797 abbas
274 2735 395 2797 faciens
425 2757 483 2818 pro
505 2758 536 2798 se
558 2752 589 2798 et
619 2737 706 2796 dicta
736 2757 791 2796 sua
816 2738 946 2797 ecclesia
970 2737 1100 2816 suisque
1126 2755 1259 2796 success<

133 2854 241 2946 cessit,
273 2853 428 2922 tradidit,
471 2853 644 2914 mandavit
678 2867 778 2932 atque
809 2859 857 2925 (a)
887 2853 1090 2932 mancipavit
1124 2853 1194 2911 iure
1227 2871 1271 2930 pn

134 2989 237 3030 omne
259 2988 355 3029 suum
380 2971 429 3030 ius
451 2983 481 3030 et
504 2969 589 3030 dicte
611 2969 739 3030 ecclesie
761 2989 937 3048 omnesque
959 2988 1033 3028 suas
1049 2970 1195 3029 raciones
1217 2981 1247 3027 et
1272 2985 1303 3026 ac

136 3105 205 3154 nes,
229 3085 330 3145 reales
352 3099 382 3146 et
406 3087 600 3166 personales
633 3085 729 3145 utiles
753 3102 783 3145 et
807 3084 945 3144 directas
974 3099 1004 3144 et
1029 3084 1109 3144 alias
1132 3083 1295 3143 cuiusctnr

135 3195 267 3276 generis
288 3210 318 3256 et
341 3195 519 3256 derisionis
547 3196 661 3256 sibiet
686 3195 770 3255 dicte
802 3217 858 3256 sue
890 3197 1018 3256 ecclesie
1050 3207 1231 3274 competent

135 3312 383 3393 pertinentibus
398 3312 430 3372 in
451 3313 543 3373 bonis
565 3312 718 3393 predictis
737 3328 767 3372 et
784 3312 841 3372 hec
864 3333 938 3372 cum
963 3312 1117 3371 omnibus
1141 3329 1231 3370 coro<

136 3444 169 3490 et
194 3429 469 3509 incorporalibus,
491 3428 716 3509 superioribus
731 3443 761 3488 et
786 3429 1007 3498 inferioribus,
1024 3427 1175 3487 visibilibr

133 3544 300 3614 sibilibus,
322 3545 392 3614 viis,
415 3544 557 3604 introitu
581 3559 611 3604 et
628 3544 966 3614 exitu,sercimtibus,
986 3542 1077 3614 lictis,
1092 3542 1175 3603 drict

134 3673 168 3722 et
194 3660 229 3721 in
252 3679 319 3720 rem
344 3660 532 3720 racionibus
546 3660 605 3734 (b),
626 3659 754 3720 iuribus
775 3659 1003 3719 decimationis
1027 3673 1057 3718 et
1078 3678 1149 3738 perr

134 3776 336 3838 cessionibus
357 3791 389 3836 et
410 3776 501 3836 omni
524 3795 620 3836 causa
643 3777 703 3836 sibi
728 3775 970 3856 pertinentibus
993 3775 1023 3834 in

135 3891 290 3974 quolibet
313 3892 548 3972 predictorum,
570 3912 643 3952 cum
667 3892 821 3952 omnibus
841 3891 907 3950 suis
924 3892 1023 3970 pertis,

135 4011 305 4070 bonorum
330 4008 540 4088 pertinenciis
563 4009 775 4077 aiacentibus,
793 4009 994 4067 constituens
1019 4031 1023 4048 ι

132 4125 288 4207 quolibet
307 4125 529 4205 predictorum
547 4139 793 4205 procuratorem
811 4138 844 4182 ut
862 4125 895 4184 in
914 4144 978 4183 rem

132 4242 243 4304 eidem
260 4240 405 4321 predicta
422 4254 629 4322 guarcinum,
646 4240 828 4310 defendere,
847 4255 991 4300 manutcr

132 4359 293 4437 toricare,
316 4377 520 4438 vacuamque
543 4359 769 4438 possessionem
796 4359 844 4416 rel
868 4357 958 4433 quani
986 4371 991 4415 1

194 4610 266 4666 (a)1l
282 4620 358 4663 ateque
414 4608 448 4664 (b)
463 4611 482 4650 A
497 4609 546 4663 Jure
564 4622 598 4647 rac
