2874 4748
72 425 129 486 318
375 449 546 490 aaeazrour
570 450 630 490 raa
654 449 782 492 νεκοΝΑ
805 452 824 492 u
847 453 998 494 aaarova

74 553 1306 578 --———-—-—---—--—-.-„

70 659 159 723 cilice
180 674 357 725 tenuerant
379 676 410 725 et
433 664 642 744 possederant
667 667 736 728 sine
760 667 989 732 molestatione
1011 670 1063 732 vel
1085 671 1307 752 requisitione

68 779 251 860 cuiuspiam
275 799 332 860 per
353 799 457 841 annos
479 780 571 842 XLV
593 797 625 844 et
649 783 757 864 plus..

151 899 232 962 ltem
254 898 343 980 quod
361 883 558 961 mercatores
574 901 713 962 Mantue
728 915 955 982 aggravantur
979 903 1013 963 in
1037 904 1175 966 civitate
1198 917 1229 966 et
1247 925 1304 986 per

67 1015 256 1078 districtum
280 1015 418 1084 Verona,
434 1034 492 1076 nec
514 1015 757 1096 permittuntur
773 1035 847 1078 cum
864 1016 930 1078 suis
948 1018 1188 1106 mercatoribus
1212 1032 1306 1081 tran-

65 1133 128 1194 sire
150 1132 261 1203 libere,
283 1145 382 1212 prout
405 1132 536 1201 debent,
556 1130 737 1194 secundum
761 1132 900 1194 formam
928 1147 1113 1214 pactorum,
1134 1149 1181 1197 set
1205 1135 1303 1198 inho-

12 1289 15 1296 ·
68 1259 157 1307 neste
179 1258 370 1306 tractantur
392 1259 423 1306 et
446 1245 487 1305 ab
509 1247 553 1306 eis
576 1245 721 1307 indebite
753 1245 923 1308 detiorum
946 1248 1151 1327 quantitates
1184 1264 1303 1315 contra
1342 1251 1345 1256 “

68 1361 233 1422 iusticiam
256 1373 509 1440 extorquentur.

150 1475 244 1546 ltem,
266 1475 354 1556 quod
375 1477 510 1556 gravius
532 1490 590 1546 est,
622 1477 695 1538 iura
720 1476 881 1540 Comanis
912 1480 1049 1541 Mantue
1071 1495 1303 1562 occupantur;

67 1607 232 1654 structure
253 1593 445 1674 lignaminis
466 1593 501 1654 in
523 1593 628 1655 fluvio
656 1593 738 1655 Padi
760 1596 849 1675 apud
871 1595 1069 1686 'Hostiliam
1095 1597 1153 1677 qui
1175 1597 1304 1660 fluvius

68 1709 210 1790 pertinet
234 1708 379 1771 Comani
405 1709 553 1780 Mantua,
575 1723 652 1771 sunt
675 1709 801 1771 confixa
823 1725 854 1772 et
877 1712 919 1772 ad
944 1716 1219 1776 sustentationem
1244 1735 1303 1796 ag·

66 1827 149 1907 geris
172 1825 253 1887 Padi
277 1846 317 1886 ne
339 1840 425 1895 ruat,
438 1840 468 1886 et
482 1825 522 1886 ad
546 1825 637 1887 aliud
660 1826 765 1890 instar
788 1827 909 1907 pontis,
932 1827 1050 1909 dequo
1071 1829 1178 1890 dictus
1196 1829 1303 1891 domi·

68 1961 128 2002 uus
151 1942 307 2002 Albertus
328 1941 519 2002 solemniter
553 1941 729 2022 requisitus
752 1962 806 2022 per
835 1942 961 2004 litteras
983 1943 1148 2005 dictorum
1183 1944 1301 2006 Domi-

67 2077 186 2119 norum
199 2058 238 2119 de
255 2059 406 2129 Mantua,
420 2078 475 2139 per
488 2058 717 2119 ambaxatores
731 2072 762 2120 et
779 2061 918 2120 nuncios
928 2060 1089 2140 speciales,
1104 2060 1298 2121 benivolum

66 2175 216 2236 animum
241 2194 306 2235 non
331 2174 487 2244 advertit,
505 2188 550 2234 set
567 2174 650 2235 dixit
671 2175 731 2234 hoc
746 2174 807 2235 sibi
824 2189 1008 2256 competere
1030 2189 1060 2238 et
1076 2175 1116 2237 de
1139 2175 1211 2236 iure
1228 2175 1300 2237 lieri

66 2293 206 2374 potuisse
218 2313 226 2368 5
250 2308 421 2374 propterea
435 2293 541 2352 dictus
562 2292 717 2353 dominus
734 2292 937 2372 Capitaueus
959 2307 989 2354 et
1012 2292 1120 2355 dictus
1141 2293 1302 2354 dominus

64 2411 216 2491 Taginus
238 2411 326 2471 ultra
351 2410 486 2470 modum
511 2410 640 2471 turbati
662 2429 693 2470 se
715 2409 755 2470 ad
770 2409 850 2469 talia
873 2422 1123 2482 converterunt,
1145 2428 1221 2489 que,
1242 2411 1303 2472 du·

65 2543 160 2589 rante
183 2529 283 2608 ipsius
306 2527 432 2588 domini
449 2527 532 2588 dela
551 2528 643 2588 Scala
660 2526 835 2588 clementia
857 2541 888 2588 et
912 2527 1051 2587 caritate
1066 2526 1163 2587 solita
1178 2541 1299 2589 contra

63 2665 126 2716 eos,
149 2646 250 2706 nullis
272 2644 498 2705 accidentibus
521 2658 749 2705 attentassent.

145 2759 287 2820 Proinde
311 2760 437 2840 placeat
461 2759 550 2819 dicto
579 2759 716 2819 domino
746 2761 884 2819 ,alberto
907 2759 1090 2820 novitatem
1115 2759 1237 2820 factam
1262 2761 1298 2821 in

64 2875 154 2936 Pado
169 2890 200 2935 et
218 2876 359 2935 maxime
381 2875 552 2936 columnas
568 2875 649 2944 illas,
666 2895 729 2954 que
746 2876 901 2936 videntur
918 2876 952 2935 in
967 2875 1168 2956 principium
1185 2877 1301 2956 pontis

64 2991 183 3050 ibidem
206 3011 268 3050 esse
291 2991 426 3061 contire,
440 3011 607 3052 removere
630 3005 660 3051 et
685 2991 757 3050 illas
783 2993 952 3051 columnas
974 2992 1111 3052 evellere
1133 3005 1211 3052 ante
1227 3011 1299 3053 om-

65 3111 137 3180 nia;
160 3109 281 3187 quibus
302 3109 431 3178 evulsis,
454 3109 560 3168 dictus
576 3109 731 3168 dominus
747 3108 949 3189 Capitaneus
972 3121 1181 3189 paratum,se
1199 3110 1298 3170 offert

63 3244 272 3305 quocumque
284 3226 390 3286 dictus
403 3226 557 3286 dominus
571 3226 726 3286 tilbertus
739 3224 915 3293 vocaverit,
935 3223 1092 3295 accedere,
1108 3225 1300 3286 collaturus

62 3361 136 3402 cum
160 3363 206 3410 eo,
230 3357 437 3413 narraturus,
467 3344 654 3412 auditurus,
677 3358 719 3413 et,
740 3343 764 3401 si
789 3343 877 3402 dicto
900 3343 1037 3403 domino
1066 3343 1205 3403 Alberto
1229 3344 1301 3423 pla-

61 3461 176 3529 cuerit,
199 3461 443 3540 compositurus
465 3480 538 3520 cum
563 3481 610 3530 eo,
633 3459 790 3540 quicquid
827 3480 886 3538 pro
909 3460 1044 3521 comuni
1072 3461 1158 3520 bono
1181 3473 1212 3521 et
1237 3480 1300 3540 pro

60 3576 209 3635 caritatis
233 3576 402 3655 amplioris
424 3577 634 3636 observantia
659 3575 758 3636 luerit
781 3575 1047 3654 componendum
1065 3576 1300 3637 etreforman-

62 3692 157 3764 dum;
180 3707 210 3752 et
235 3692 321 3771 quod
345 3712 416 3752 cras
440 3712 494 3772 per
518 3706 626 3753 totum
644 3691 729 3751 diem
747 3693 873 3771 placeat
890 3690 978 3751 dicto
994 3691 1130 3751 domino
1153 3691 1299 3753 Alberto

59 3828 154 3888 super
169 3809 321 3889 predictis
333 3809 451 3868 eisdem
470 3809 621 3868 Dominis
636 3809 674 3868 de
689 3809 829 3867 Mantua
844 3807 1048 3886 respondere.
1063 3827 1153 3868 secus
1168 3823 1299 3870 autem.

142 3925 216 3983 Post
243 3929 298 3982 lrec
323 3939 444 3990 autent,
467 3923 518 3983 die
541 3924 669 3984 veneris
690 3923 902 4003 subsequenti
928 3937 1093 3983 venerunt
1117 3922 1300 3985 dictusdo·

62 4043 170 4100 minus
194 4044 347 4102 Nicolaus
370 4058 400 4102 et
424 4061 496 4100 cum
522 4062 559 4100 eo
571 4041 725 4101 dontinus
749 4041 997 4100 Carralcacanus
1019 4039 1057 4098 de
1081 4037 1210 4111 Cereta‚
1234 4061 1299 4122 pro

60 4171 152 4238 parte
175 4158 253 4217 dicti
277 4159 402 4217 domini
428 4157 466 4216 de
483 4158 511 4216 la
531 4157 622 4216 Scala
640 4157 858 4216 arnicabiliter
883 4156 1057 4215 relerentes
1079 4155 1220 4216 eundem
1238 4157 1300 4218 do-

60 4275 187 4336 minum
204 4277 377 4335 ulbertum
396 4276 503 4354 pipere
519 4275 667 4334 orttuiurn
692 4273 866 4332 turbinum
880 4288 911 4332 et
927 4272 1102 4331 botrorum
1122 4271 1199 4331 hinc
1216 4274 1298 4336 inde

59 4407 304 4470 conceptorum,
326 4407 354 4452 et
379 4413 408 4451 se
434 4392 663 4450 volantatium
688 4404 717 4450 et
742 4403 896 4469 paratum
927 4408 1040 4449 omnes
1069 4407 1183 4448 causas
1206 4392 1298 4451 avel-

59 4509 121 4567 lere
145 4523 174 4568 et
198 4509 309 4567 onmia
331 4510 415 4568 niala
436 4508 530 4578 lacta,
553 4527 759 4587 quecumque
777 4508 816 4566 ab
833 4527 869 4565 eo
886 4505 1122 4584 processissent,
1142 4505 1297 4568 totaliter

59 4645 209 4684 rerocare
225 4641 254 4684 et
269 4641 353 4684 stare
369 4625 580 4704 beneplacitis
598 4624 733 4703 predicti
760 4623 884 4684 alumini
910 4621 1086 4701 Capitanei
1110 4620 1294 4683 Mantuani
