2834 4792
546 450 638 492 noce.
661 451 727 492 xxx
749 451 768 490 a
791 451 885 492 xxxi:
910 432 986 510 1259

144 677 179 724 et
205 662 281 723 aliis
304 661 441 722 utilibus
464 665 548 724 circa
572 682 618 724 ea.
714 663 757 723 Et
780 660 939 743 quicquid
962 662 1042 723 dicti
1063 662 1179 723 sindici
1204 682 1264 742 pro
1286 664 1385 726 Com·

147 779 248 840 muni
277 777 414 840 lvlantue
436 777 584 852 fecerint,
606 776 818 859 promiserint
841 791 872 839 et
888 778 1110 860 obligaverint
1131 797 1227 860 super
1250 781 1303 850 eis,
1318 779 1385 841 dic-

148 909 207 956 tus
223 894 379 956 dominus
396 894 544 978 marchio
560 895 704 956 Estensis
715 907 746 956 et
758 894 913 956 dominus
936 893 1109 976 Lodoycus
1131 914 1237 956 comes
1254 895 1383 958 Verone

147 1025 181 1072 et
217 1010 326 1071 dictus
358 1024 500 1092 potestas
525 1012 663 1072 Mantue
693 1030 753 1091 pro
781 1009 964 1072 Communi
994 1011 1152 1082 Mantue,
1181 1012 1383 1074 auctoritate

148 1125 293 1188 Maioris
305 1125 443 1208 Consilii
459 1126 656 1190 Communis
670 1128 818 1199 Mantue,
830 1147 892 1209 pro
909 1127 1091 1190 Communi
1109 1129 1244 1190 Mantue

147 1256 268 1304 serunt
289 1242 385 1304 dictis
415 1243 548 1306 sindicis
577 1243 696 1306 habere
728 1241 862 1304 firmum
892 1257 923 1304 et
947 1258 1059 1304 ratum
1083 1257 1203 1315 tenere,

148 1359 300 1440 tempore
321 1359 552 1423 contravenire
561 1380 569 1434 ;
591 1379 720 1442 queque
742 1379 839 1441 super
862 1359 1015 1440 predictis
1044 1370 1075 1420 et
1098 1359 1171 1422 aliis
1198 1379 1260 1422 neo

147 1493 249 1555 super
271 1475 315 1536 eis
336 1476 415 1538 dicti
436 1475 553 1538 sindici
588 1476 734 1547 fecerint,
764 1476 977 1556 promiserint
1007 1487 1038 1537 et
1067 1476 1284 1557 obligaveriru

148 1588 409 1670 adimpleverint
429 1611 527 1671 super
543 1594 596 1664 eis,
613 1593 674 1652 sub
695 1591 898 1672 obligatione
921 1590 1071 1652 omnium
1098 1591 1261 1653 bonorum

149 1704 265 1766 munis
278 1706 425 1768 Mantue.
498 1705 567 1782 Qui
579 1706 695 1768 sindici
709 1706 753 1767 ibi
766 1706 963 1768 iuraverunt
975 1719 1007 1768 et
1023 1707 1247 1787 promiserunt

149 1819 193 1880 tis
217 1817 360 1881 dominis
381 1840 442 1901 pro
464 1821 646 1884 Communi
669 1822 807 1883 Mantue
829 1822 917 1903 quod
931 1822 977 1898 (b)
999 1822 1197 1903 promittent
1220 1835 1251 1883 et
1271 1842 1336 1883 rure

148 1935 258 1997 lacere
279 1949 310 1996 et
331 1957 460 1998 servare
481 1952 513 2000 et
535 1938 713 2020 adimplere
747 1940 833 2000 bona
855 1937 918 2026 fide
939 1958 1068 2020 queque
1099 1958 1196 2020 super
1219 1940 1336 2019 premis

148 2050 278 2112 luerint
300 2066 478 2133 oportuna,
500 2054 593 2116 iuxta
613 2054 753 2116 formam
770 2054 935 2116 dictorum
954 2053 1178 2136 capitulorum
1196 2075 1293 2136 super
1309 2076 1336 2138 q†

146 2169 212 2228 bus
233 2180 280 2230 est
303 2168 389 2230 dicta
411 2170 546 2230 societas
568 2169 805 2232 contrahenda.

233 2289 356 2348 Actum
378 2286 412 2348 in
436 2287 518 2348 ·M·
540 2285 763 2349 ducentesimo
785 2259 944 2360 ·Lvr⁰11.r·,
968 2287 1132 2349 indicione
1154 2287 1307 2349 secunda.

234 2401 317 2464 EGo
339 2402 509 2478 Coaninus
533 2402 618 2464 lilius
640 2405 778 2465 condam
814 2404 940 2465 domini
969 2401 1171 2464 Cambonini
1204 2403 1242 2463 de
1270 2401 1332 2462 Her

141 2517 231 2581 sacri
256 2517 372 2598 palacij
396 2518 547 2579 notarius
568 2532 599 2580 et
623 2532 703 2580 tunc
725 2519 826 2599 ipsius
849 2519 1024 2580 Potestatis
1045 2533 1076 2580 et
1100 2516 1252 2578 Commur

141 2647 251 2704 tator,
275 2631 324 2693 his
345 2653 474 2714 presens
494 2633 632 2714 scripSJ.
687 2682 701 2714 ,

230 2827 316 2889 EGo
339 2828 500 2890 Vivaldus
514 2830 641 2891 domini
659 2829 834 2891 Graciadei
850 2830 932 2889 sacri
955 2829 1070 2911 palacij
1096 2829 1246 2890 notarius
1263 2831 1304 2891 ins

136 2957 303 3006 mentum
328 2943 387 3006 hoc
409 2946 451 3006 ab
473 2947 643 3007 autentico
666 2946 860 3026 exemplavi.

196 3149 233 3203 (b)
248 3149 273 3191 ll
283 3163 323 3191 ms.
340 3151 372 3192 lta
386 3161 416 3200 et,
432 3152 477 3198 clu,
490 3165 513 3192 se
527 3151 567 3194 ben
582 3153 644 3199 vcdo,
654 3167 697 3193 uon
707 3153 738 3193 dir
753 3167 822 3200 scura,
836 3153 918 3192 laruda
932 3153 1028 3192 rasrlruii
1041 3156 1117 3202 questa
1128 3152 1214 3202 parola
1230 3163 1270 3191 con

704 3491 827 3552 XXXI.

218 3621 325 3677 Forrr1.
344 3653 377 3662 -
397 3622 434 3677 A.
474 3623 497 3677 ll
517 3634 663 3694 presente
683 3627 868 3680 documento
882 3626 908 3680 si
922 3626 1019 3695 legge‚
1038 3625 1224 3679 trascrittovi

130 3747 252 3797 man0,
273 3727 324 3783 nel
343 3729 404 3783 vol.
429 3731 536 3786 “Priu
557 3731 641 3785 Com.
662 3732 756 3786 Mant.
770 3774 795 3800 ,Η
815 3733 834 3786 l'.
854 3733 886 3786 51
902 3750 919 3785 r

488 3926 607 4002 1259,
636 3929 764 4008 maggio
788 3948 844 4008 24;
878 3930 1047 3989 lvluntova.

236 4115 358 4200 Arrana
380 4115 485 4182 d'Esle
507 4119 628 4181 nornine
650 4119 661 4180 i
681 4118 797 4182 simleri
821 4118 853 4181 di
877 4118 1019 4195 Ferrum,
1046 4139 1072 4180 rr:

130 4246 170 4311 di
199 4241 354 4306 Manto-vu
372 4243 514 4328 presenti,
539 4244 605 4305 suoi
628 4245 867 4328 ropprescnlanli
883 4263 901 4304 n
928 4254 1072 4305 cnrrlrmn

129 4364 297 4436 Lodovr'co
313 4377 394 4428 conte
409 4363 442 4429 di
463 4365 578 4430 Verona
592 4388 605 4428 c
622 4367 667 4429 coi
686 4365 813 4430 Commii
830 4365 850 4428 li
858 4367 863 4376 '
888 4365 1047 4443 lllrrrrloru,
1062 4367 1072 4428 l

852 4390 860 4427 l

130 4493 168 4559 la
197 4490 269 4576 lega
289 4500 414 4554 truttam
436 4491 482 4554 col
506 4491 650 4555 rrrurclrrre
679 4491 788 4556 Ulurlo
807 4491 1002 4569 Pelluuirino,
1029 4492 1071 4554 ln

130 4617 160 4684 il
192 4615 328 4682 Comune
356 4614 389 4678 di
415 4615 571 4681 Crannona.
