2874 4748
66 447 125 525 348
367 464 538 507 naurzroru
561 465 620 506 rna
643 463 772 506 vnnoua
794 465 813 504 ε
836 463 986 504 uiurovn

63 681 147 762 gulis
168 699 281 744 eorum
306 679 498 749 honoribus,
530 679 753 760 capitanariis,
781 679 920 750 iuribus,
953 678 1238 740 iurisdictionibus
1260 692 1292 741 et

63 795 166 876 quasi,
187 796 389 875 ubicumque
404 808 435 856 et
450 794 749 875 qualitercumque,
764 813 839 855 curn
860 794 1005 870 personis
1020 808 1051 855 et
1071 795 1200 865 havere,
1215 814 1293 856 con-

62 924 112 972 tra
135 929 247 972 omnes
268 924 300 971 et
321 910 468 989 singulas
490 928 651 988 personas,
673 909 904 979 comunitates,
926 909 1117 970 civitatcset
1136 910 1218 981 loca,
1234 929 1292 990 per

62 1042 184 1088 terram
207 1040 238 1088 et
261 1046 317 1108 per
339 1045 471 1108 aquam.
553 1024 629 1100 Que
650 1025 762 1087 omnia
786 1039 817 1086 et
832 1025 962 1106 singula
984 1024 1206 1107 suprascripta
1224 1035 1293 1105 pre·

62 1143 150 1204 fatus
161 1142 316 1204 dominus
327 1140 591 1212 Bartholameus,
608 1141 736 1202 Verone
748 1141 949 1223 capitaneus,
965 1156 996 1203 et
1012 1141 1119 1202 dictus
1134 1139 1292 1202 dominus

63 1261 217 1321 Nicolaus
237 1260 381 1321 sindicus
395 1273 427 1320 et
442 1273 637 1341 procurator
660 1258 797 1339 predicti
819 1258 945 1320 domini
969 1259 1099 1320 Alberti
1123 1256 1290 1339 capitanei

63 1377 202 1446 Verone,
224 1388 255 1437 et
278 1375 415 1455 Consilii
433 1388 464 1437 et
481 1374 643 1436 Comunis
659 1375 798 1445 Verone,
819 1375 997 1436 sindicario
1011 1389 1042 1436 et
1058 1374 1290 1456 procuratorio

63 1493 196 1553 nomine
227 1493 429 1562 eorumdem,
457 1505 489 1553 et
511 1491 619 1554 dictus
647 1491 802 1553 dominus
835 1490 949 1554 Guido
970 1491 1077 1552 dictus
1099 1489 1289 1560 Botexella,

63 1609 200 1669 Mantue
221 1608 423 1689 capitaneus,
444 1623 475 1670 et
497 1607 605 1669 dictus
626 1608 782 1670 dominus
804 1609 964 1691 Mapheus
993 1609 1031 1669 de
1061 1607 1288 1678 Michaelibus,

58 1721 202 1784 sindicus
223 1738 255 1784 et
271 1737 466 1804 procurator
482 1724 647 1786 dictorum
664 1723 877 1786 dominorum
902 1724 1096 1785 Percevallis
1119 1723 1289 1803 potestatis

59 1853 91 1898 et
113 1837 192 1898 dicti
224 1837 351 1899 domini
375 1839 539 1901 Guidonis
567 1840 646 1901 dicti
671 1839 835 1902 Botexelle
868 1841 1043 1922 capitanei,
1071 1854 1102 1901 et
1126 1839 1289 1902 Comunis

62 1954 210 2024 Mantue,
239 1953 417 2015 sindicario
438 1967 469 2015 et
492 1957 721 2036 procuratorio
754 1955 887 2016 nomine
917 1956 1120 2043 corumdem,
1144 1954 1285 2014 vicissim

60 2070 147 2130 inter
167 2089 199 2130 se
220 2069 419 2139 societatem,
444 2075 613 2143 unionem,
635 2070 947 2142 confederationem,
979 2087 1010 2133 et
1045 2071 1286 2133 fraternitatem

62 2185 223 2257 facientes,
245 2187 397 2246 ineuntes
412 2198 442 2246 et
458 2186 701 2257 contrahentes,
723 2187 904 2248 secundum
930 2187 1068 2248 formam
1082 2189 1290 2269 suscriptam,

59 2301 196 2362 solemni
217 2300 434 2381 stipulatione
457 2300 595 2361 vicissim
624 2302 856 2382 promiserunt.
980 2305 1020 2363 Et
1045 2303 1178 2383 insuper
1201 2304 1286 2363 idem

60 2419 213 2479 dominus
236 2418 506 2489 Bartholameus,
530 2419 658 2480 Verone
690 2421 890 2501 capitaneus,
922 2435 953 2481 et
987 2422 1142 2482 dominus
1176 2421 1289 2482 Guido

61 2537 166 2596 dictus
190 2535 368 2606 Botexella‚
393 2535 531 2596 Mantue
552 2538 753 2616 capitaneus,
775 2551 806 2598 et
827 2539 906 2599 dicti
930 2539 1056 2599 domini
1081 2540 1234 2599 Nicolaus
1257 2555 1289 2600 et

62 2653 230 2734 Mapheus,
244 2667 470 2734 procuratores
492 2668 523 2714 et
546 2653 662 2713 sindici
686 2652 910 2716 Consiliorum
926 2657 1064 2717 Mantue
1087 2677 1124 2716 ac
1150 2656 1288 2726 Verone,

60 2770 93 2829 in
116 2770 243 2830 animas
268 2765 527 2829 memoratorum
551 2768 762 2831 dominorum
781 2769 1005 2832 Consiliorum
1023 2786 1053 2833 et
1071 2771 1289 2841 Comunium,

59 2905 202 2966 quorum
222 2899 299 2946 sunt
323 2899 550 2964 procuratores
572 2897 604 2945 et
625 2884 752 2954 sindici,
775 2885 972 2947 iuraverunt
1005 2888 1221 2967 corporaliter
1244 2887 1285 2948 ad

59 3015 171 3061 sancta
197 3001 255 3060 llei
279 3000 470 3080 Evangelia,
484 3000 580 3060 tactis
604 3000 793 3080 Scripturis‚
812 3001 982 3063 attendere
999 3018 1029 3064 et
1046 3003 1286 3064 inviolabiliter

59 3116 230 3176 observare
253 3130 410 3195 perpetuo
432 3128 462 3174 et
486 3134 660 3194 nunquam
677 3116 899 3178 contrafacere
917 3119 966 3176 vel
991 3119 1102 3179 venire
1118 3118 1150 3178 in
1164 3119 1289 3199 aliquo,

61 3233 158 3293 modo
189 3232 301 3311 aliquo
334 3232 383 3291 vel
417 3230 560 3311 iugeni0,
580 3233 649 3290 sine
671 3251 777 3301 causa,
800 3232 838 3292 de
862 3234 931 3292 iure
960 3233 1009 3292 vel
1037 3233 1075 3293 de
1099 3234 1195 3303 facto,
1219 3253 1287 3294 non

58 3348 268 3408 obstantibus
290 3345 456 3426 aliquibus
486 3346 598 3425 pactis,
628 3347 915 3419 conventionibus,
943 3348 1162 3416 societatibus,
1192 3350 1289 3410 unio-

60 3465 166 3535 nibus,
187 3462 399 3523 sacramentis
417 3475 448 3522 et
471 3461 731 3542 obligationibus
755 3462 848 3523 lactis
870 3484 924 3543 per
953 3465 1113 3543 predictos
1134 3465 1288 3524 dominos

61 3582 271 3650 potestatem,
294 3578 516 3659 Capitaneum
534 3592 564 3638 et
588 3577 753 3638 Comunia
780 3580 916 3638 Mantus
932 3596 962 3638 et
981 3580 1118 3650 Verone,
1140 3599 1215 3640 cum
1234 3581 1289 3639 ali-

58 3718 122 3776 qua
147 3695 303 3763 Ciuitate,
320 3693 465 3754 Comuni
489 3707 518 3754 et
546 3693 769 3753 Universitate
791 3714 845 3754 seu
874 3695 1096 3773 singularibus
1118 3696 1288 3774 personis;

59 3814 103 3873 ita
126 3813 213 3893 quod
238 3826 331 3890 pacta
347 3810 567 3890 suprascripta
592 3813 703 3869 omnia
717 3824 747 3870 et
763 3811 891 3890 singula
911 3832 1035 3891 semper
1052 3811 1286 3890 intelligantur

58 3951 119 3989 esse
145 3928 330 3996 novissima,
347 3941 382 3987 ut
400 3928 443 3986 eis
459 3928 507 3986 vel
532 3926 631 3987 alicui
653 3947 766 3986 eorum
785 3948 839 4007 per
857 3928 989 4007 aliquod
1010 3941 1141 4007 pactum
1159 3926 1285 3987 factum

58 4049 117 4124 eft-l
142 4046 283 4104 fiendum
309 4062 480 4123 nunquam
506 4045 604 4123 possit
628 4045 661 4103 in
685 4045 797 4123 aliquo
820 4044 980 4124 derogari,
1008 4046 1067 4103 sub
1090 4063 1172 4122 pena
1196 4056 1227 4103 et
1252 4044 1287 4102 in

58 4187 139 4246 pena
163 4165 271 4224 elecem
290 4162 419 4222 milium
438 4160 650 4220 marcharum
670 4163 793 4221 boniet
812 4163 883 4241 puri
903 4161 1041 4240 argenti,
1063 4180 1137 4219 cum
1155 4160 1288 4220 damnis

57 4283 212 4342 omnibus
234 4295 263 4340 et
285 4278 447 4358 expensis;
470 4297 533 4357 que
557 4299 638 4358 pena
664 4279 702 4338 ad
726 4280 836 4338 onmia
862 4294 892 4338 et
915 4280 1044 4356 singula
1068 4277 1215 4355 capitula
1241 4296 1289 4336 re·

59 4396 193 4462 feratur,
216 4407 245 4452 et
270 4412 328 4470 pro
349 4391 487 4468 singulis
509 4391 663 4469 capitulis
682 4411 744 4450 non
760 4393 906 4461 serratis,
931 4392 1073 4472 predicta
1100 4410 1182 4471 pena
1202 4407 1289 4449 com-

57 4511 224 4578 mittatur,
246 4522 276 4566 et
301 4507 365 4585 peti
389 4521 420 4566 et
443 4505 527 4584 exigi
551 4507 659 4585 possit,
681 4509 775 4569 semel
795 4523 825 4567 et
847 4509 977 4588 pluries,
1000 4506 1288 4587 quotienscunque

56 4639 170 4684 contra
189 4621 332 4702 predicta
348 4622 395 4680 rel
414 4619 546 4698 aliquod
564 4621 787 4698 predictorum
807 4637 943 4682 rentum
960 4642 1013 4682 seu
1032 4619 1154 4680 factum
1173 4618 1290 4678 fuerin
