2874 4748
644 365 714 408 noc,
737 365 832 406 cxiv:
860 363 933 424 ¹299
1342 347 1394 410 321

1133 470 1399 480 ἡ...

164 596 224 656 pro
246 576 403 658 predictis
426 576 493 658 ipse
515 576 670 639 dominus
704 577 865 649 Marchio‚
896 577 973 658 quia
997 578 1077 640 alibi
1109 559 1397 657 deversus'partes

166 693 243 754 istas
265 692 420 754 dominus
443 692 594 753 Marchio
617 693 724 754 locum
750 711 815 754 non
840 692 938 754 habet
964 693 1110 776 hospicio
1133 691 1356 752 accomodum.

248 809 290 870 Et
312 829 408 889 super
432 808 587 890 predictis
608 809 784 871 consilium
808 809 1001 891 postulavit.

249 927 399 1007 Denique
422 927 461 987 ad
486 927 661 989 consilium
685 927 871 989 exhibitum
900 946 956 1008 per
971 927 1145 988 dominum
1170 926 1324 995 Sadeum,
1341 943 1397 1005 per

166 1043 339 1104 dominum
357 1043 382 1104 F
386 1043 577 1124 rogerinum
595 1043 757 1124 predictos
772 1057 803 1104 et
816 1061 872 1124 per
885 1042 975 1114 alios,
991 1041 1116 1124 placuit
1131 1040 1295 1110 omnibus,
1307 1040 1395 1119 qnod

163 1159 243 1220 dicti
263 1158 399 1220 Domini
416 1161 584 1230 accedant,
606 1160 640 1220 in
658 1159 823 1241 predictis,
840 1158 1045 1239 beneplacito
1060 1156 1139 1218 dicti
1157 1156 1285 1224 domini
1308 1156 1396 1217 Mar·

162 1274 298 1345 chionia,
314 1287 345 1335 et
361 1274 449 1356 quod
465 1274 620 1336 dominus
635 1274 794 1354 Taginus,
806 1273 947 1335 sociatus
962 1274 1000 1335 de
1017 1273 1228 1354 Sapientibus
1240 1271 1396 1343 Mantue,

161 1390 245 1450 sicut
260 1404 292 1451 et
307 1390 346 1451 de
361 1391 483 1471 quibus
499 1391 666 1452 videbitur
682 1390 771 1451 dicto
792 1390 929 1452 domino
952 1389 1137 1470 Capitaneo
1159 1403 1190 1450 et
1205 1389 1277 1460 sibi,
1294 1409 1396 1469 quan·

161 1504 345 1586 documque
367 1505 411 1566 eis
435 1505 612 1577 videbitur,
636 1505 695 1567 Dei
719 1506 852 1566 nomine
886 1505 1051 1574 invocato,
1074 1503 1172 1564 vadat
1196 1503 1394 1575 Ferrariam,

162 1621 336 1682 locuturus
359 1621 481 1683 ibidem
509 1642 584 1683 cum
619 1623 708 1683 dicto
731 1623 867 1682 domino
901 1621 1104 1692 Marchione‚
1136 1633 1342 1681 tractaturus
1364 1633 1395 1680 et

163 1736 389 1816 completurus
411 1755 485 1797 cum
509 1737 621 1798 eodem
645 1757 705 1818 pro
726 1758 757 1797 sc
779 1750 810 1797 et
833 1736 922 1796 dicto
938 1735 1074 1796 domino
1097 1734 1283 1816 Capitaneo
1303 1734 1398 1795 Man-

163 1867 229 1922 tue,
250 1852 431 1912 secundum
464 1853 734 1914 deliberationem
758 1866 789 1912 et
812 1851 1083 1912 informationem
1118 1849 1328 1930 prehabitam
1353 1851 1395 1910 ab

163 1967 233 2046 ipso
247 1967 383 2028 domino
398 1967 593 2048 Capitaneo,
616 1967 773 2049 quicquid
790 1967 893 2028 eidem
911 1966 1048 2027 domino
1070 1966 1202 2046 Tagino
1225 1966 1395 2028 videbitur

162 2103 222 2163 pro
246 2085 331 2145 bono
346 2099 377 2145 et
393 2085 574 2146 stabilitate
590 2086 746 2157 amicicie,
768 2084 942 2155 societatis,
958 2083 1090 2143 unionis
1113 2098 1143 2144 et
1167 2084 1230 2164 lige
1247 2084 1395 2146 habende

162 2220 237 2262 cum
261 2202 331 2283 ipso
352 2202 489 2267 domino
513 2202 706 2264 Marchione
729 2204 779 2263 vel
802 2203 870 2263 eius
892 2202 1005 2272 fratre,
1026 2221 1086 2282 pro
1107 2223 1138 2262 se
1161 2202 1259 2263 etiam
1284 2216 1315 2263 et
1339 2221 1397 2264 no·

163 2317 251 2378 mine
273 2318 418 2379 civitatis
440 2333 472 2380 et
496 2331 659 2380 terrarum
685 2337 831 2378 suarum.

244 2434 286 2495 Et
309 2434 397 2516 quod
420 2434 644 2496 incontinenti
668 2434 724 2494 hec
747 2434 960 2495 notificentur
984 2434 1120 2495 domino
1143 2435 1281 2494 Alberto
1304 2433 1391 2494 dela

165 2550 258 2610 Scala
278 2570 336 2631 pro
353 2566 445 2631 parte
469 2552 614 2630 ipsorum
641 2551 860 2612 Domitiorum
882 2551 931 2611 vel
949 2571 1003 2631 pcr
1020 2550 1147 2611 litteras
1168 2551 1327 2610 solemnes
1344 2549 1395 2609 vel

164 2685 220 2744 per
244 2667 382 2726 nuncios
404 2667 565 2748 speciales,
582 2681 612 2727 et
629 2667 716 2745 quod
733 2667 874 2727 nuncius
894 2666 1136 2747 suprascriptus
1158 2665 1283 2726 domini
1308 2665 1395 2726 Mar·

162 2781 289 2843 chionis
311 2784 501 2845 licentietur
523 2798 554 2846 et
577 2786 606 2845 ei
629 2784 758 2845 dicatur
787 2783 874 2863 quod
906 2785 1015 2844 redeat
1039 2785 1078 2844 ad
1106 2783 1279 2843 dominum
1307 2783 1394 2843 Mar·

163 2899 313 2960 chionem
337 2914 368 2960 ct
392 2900 510 2960 reserat
535 2919 594 2980 pro
610 2914 701 2979 parte
717 2899 940 2980 predictorum
966 2899 1198 2968 Dominorum,
1214 2897 1302 2978 quod
1326 2917 1396 2977 pre·

163 3014 243 3074 dicti
269 3015 415 3086 Domini,
439 3015 626 3075 aecedentes
649 3015 815 3094 requisitis
837 3027 868 3075 et
893 3015 1103 3095 beneplacitis
1136 3013 1236 3094 ipsius
1265 3013 1392 3073 domini

163 3129 375 3199 Marclrionis,
397 3129 429 3188 in
455 3129 617 3208 proximo
631 3129 751 3189 scilicet
768 3128 805 3189 de
820 3131 1002 3209 septimana
1029 3129 1153 3197 futura,
1178 3129 1320 3196 uenient,
1336 3147 1391 3187 seu

163 3246 272 3306 veniet
305 3247 387 3307 alter
419 3266 534 3306 eorum
563 3247 601 3306 ad
626 3246 750 3306 dictum
781 3246 953 3307 dominum
988 3245 1215 3306 Murclrionem
1246 3246 1285 3305 ad
1314 3244 1393 3304 civi-

163 3377 264 3423 tatem
289 3363 450 3434 Ferraria
473 3365 645 3423 locuturus
675 3379 705 3422 et
733 3364 967 3442 completurus,
992 3361 1059 3420 Deo
1082 3369 1192 3432 dante,
1225 3381 1299 3422 cum
1323 3362 1394 3441 ipso

163 3479 297 3539 domino
322 3479 514 3540 Marchione
551 3477 687 3538 feliciter
717 3497 812 3558 super
836 3477 985 3537 tractatis
1010 3476 1184 3538 hincinde
1213 3491 1244 3537 et
1278 3495 1392 3536 eorum

163 3593 442 3674 contingentibus.

243 3712 286 3772 Et
309 3711 352 3771 sic
376 3710 438 3770 fuit
464 3729 664 3790 responsum.

244 3825 383 3906 Propter
407 3843 468 3905 que
485 3824 596 3884 eodem
614 3823 665 3884 die
681 3825 763 3884 iotis
786 3825 939 3885 dominus
957 3824 1250 3885 Bonatenturinus
1273 3823 1310 3884 de
1328 3824 1394 3884 Sol·

165 3942 269 4013 danis,
283 3962 342 4022 pro
355 3957 448 4022 parte
472 3941 697 4023 predictorum
714 3940 944 4012 Dominorum,
961 3941 1021 4001 isit
1039 3941 1203 4001 Veronam
1228 3940 1267 4001 ad
1291 3939 1395 4000 domi-

164 4078 244 4120 num
270 4059 308 4120 de
331 4060 361 4120 la
387 4060 491 4132 Scala,
509 4079 567 4139 pro
585 4058 748 4139 predictis.
832 4057 901 4130 Qui
924 4058 961 4118 dc
984 4057 1143 4119 mandato
1168 4059 1391 4138 predictorum

163 4175 384 4236 Dominorum
409 4176 539 4237 rettulit
560 4190 591 4235 ct
608 4174 758 4234 narrarit
781 4171 883 4231 eidem
910 4172 1045 4233 domino
1067 4172 1105 4232 de
1130 4173 1157 4232 la
1183 4173 1285 4244 Scala,
1305 4172 1393 4251 quod

161 4305 325 4353 tractatus
359 4293 493 4352 habitus
522 4308 567 4353 est
599 4292 684 4353 inter
708 4289 881 4349 dominum
908 4288 1134 4348 Marclrioncm
1162 4289 1330 4348 Estensem
1354 4308 1390 4346 ex

163 4427 229 4467 una
265 4423 357 4488 parte
380 4425 410 4468 et
435 4409 608 4473 dominum
643 4407 865 4485 Capitarneum
898 4405 1123 4464 Mantuanum
1156 4420 1186 4464 ct
1219 4403 1391 4464 dominum

162 4524 332 4606 Taginum
356 4526 425 4584 cius
450 4526 584 4585 fratrem
609 4544 646 4583 ex
671 4524 791 4595 altera,
815 4521 871 4600 qui
897 4533 1057 4580 tractatus
1079 4521 1209 4580 nullum
1236 4520 1395 4580 hactenus

247 4667 273 4709 C.
290 4667 394 4708 Ctroun.
410 4690 436 4699 —
453 4669 566 4706 lr'clcrzr'erri
574 4669 620 4718 fra
642 4669 649 4704 l
655 4668 726 4704 'armna
745 4681 755 4703 e
774 4667 886 4704 llonlur‘n,
1291 4675 1311 4701 21
