2858 4792
109 497 147 558 92
410 499 581 541 nutsztonr
604 499 664 540 Fut
686 497 817 542 vunout
838 499 858 540 Ε
881 499 1034 540 uturovn

106 711 269 791 Selvagno
290 711 330 774 de
352 711 528 784 Axandris,
551 711 748 794 Oprandino
776 711 816 772 de
848 710 999 782 Gaffaris,
1021 708 1192 782 Coradino
1214 707 1253 771 de
1276 708 1339 772 Ca·

104 828 238 910 prianis,
270 829 437 910 Apolonio
471 828 706 900 Bertholsmei
733 828 872 889 Alberto
900 827 940 890 de
970 827 1087 898 Grec0,
1117 823 1275 888 Grandeo
1295 825 1337 886 de

103 945 276 1026 Scaparlis‚
299 944 461 1008 Bocalnda
484 946 523 1008 de
546 945 702 1016 Bovibus,
718 945 820 1007 fratre
840 946 993 1006 Antonio
1019 943 1122 1014 Boni,
1146 943 1339 1004 Mantuano

102 1060 141 1122 de
162 1060 348 1142 Nogarolis,
369 1061 489 1123 Jacobo
518 1060 662 1133 Belinca,
692 1061 889 1122 Benvenuto
918 1059 1098 1128 Bonebelli,
1129 1058 1267 1136 Macuco
1294 1057 1337 1119 de

102 1175 314 1258 Tritapaleis,
336 1173 491 1237 Crescino
514 1175 664 1250 Petrasis,
686 1177 825 1237 Alberto
847 1175 886 1238 de
908 1175 1038 1237 Braidis
1059 1173 1177 1246 iudice,
1205 1172 1338 1234 Trima-

103 1291 183 1353 nino
205 1292 244 1353 de
267 1291 400 1372 Ripalta
425 1308 455 1354 et
480 1290 657 1353 Dondedeo
678 1291 718 1354 de
741 1290 896 1352 Blanchis
918 1304 951 1353 et
973 1290 1045 1351 aliis
1066 1289 1192 1360 multis,
1214 1301 1252 1373 ut
1269 1307 1337 1350 mo·

102 1408 145 1470 ris
166 1421 213 1470 est
236 1406 384 1469 Consilii.

183 1523 251 1585 Hec
272 1537 317 1584 est
340 1543 403 1605 pax
426 1539 457 1585 et
481 1521 586 1585 forma
610 1523 696 1606 pacis
720 1523 805 1585 facta
827 1537 858 1585 et
882 1522 1014 1585 firmata
1040 1541 1150 1585 coram
1175 1521 1338 1585 excellen-

99 1638 225 1701 tissimo
246 1638 383 1701 domino
406 1643 517 1718 Aeone
541 1638 668 1702 Estensi
691 1653 723 1702 et
746 1639 961 1701 Anconitano
991 1639 1193 1709 marchione,
1215 1637 1249 1699 in
1274 1656 1335 1718 pu-

100 1754 185 1815 blico
197 1768 228 1816 et
241 1754 384 1835 generali
408 1753 556 1816 Consilio
581 1753 742 1816 Comunis
764 1753 912 1827 Mantue,
925 1775 1015 1816 more
1036 1753 1145 1826 solim,
1159 1753 1199 1814 ad
1211 1772 1330 1814 sonum

99 1890 268 1952 campane,
290 1885 489 1952 congregato
498 1891 505 1946 ;
528 1872 643 1951 inquo
665 1871 798 1953 quidem
822 1871 930 1933 vocati
952 1872 1087 1933 suerunt
1111 1869 1283 1932 Vexiliieri
1299 1883 1332 1931 et

99 1987 219 2068 Capita
242 1987 444 2049 Societatum
467 2002 498 2049 et
522 1987 640 2068 Capita
665 1987 896 2049 Paraticorum
926 2000 957 2048 et
985 2006 1099 2048 omnes
1119 1986 1159 2047 de
1182 1984 1333 2048 Consilio

100 2100 234 2183 Populi,
258 2102 343 2163 inter
366 2101 517 2164 dominos
540 2101 723 2164 Henricum
747 2103 887 2164 iudicem
910 2103 949 2164 de
971 2102 1074 2173 Bella,
1097 2102 1233 2164 Petrum
1259 2101 1334 2162 Mu·

98 2217 185 2279 cium
208 2219 247 2278 de
270 2218 400 2280 Martiis
423 2218 461 2279 de
485 2217 628 2279 Castello
651 2233 681 2280 et
707 2218 908 2297 Roeerinum
930 2219 970 2280 de
992 2218 1152 2280 Lameriis
1176 2218 1335 2279 ambaria-

98 2348 193 2405 tores‚
217 2334 354 2394 nuncios
376 2348 407 2395 et
430 2333 578 2394 sindacos
601 2333 762 2395 Comunis
784 2348 815 2396 et
841 2333 1026 2395 Hominum
1040 2333 1179 2405 Verone,
1199 2345 1236 2393 ut
1259 2352 1334 2393 con-

98 2452 225 2511 tinetur
247 2451 281 2510 in
307 2469 374 2511 uno
398 2452 622 2511 instrumento
643 2449 824 2512 sindicatus
846 2449 995 2511 confecto
1025 2469 1081 2530 per
1110 2447 1331 2510 Tomasinum

98 2565 135 2627 de
159 2565 396 2646 Raymondino
421 2567 601 2637 notarium,
623 2579 655 2628 et
678 2588 694 2628 a
719 2586 769 2628 me
793 2567 925 2627 notario
947 2567 1017 2626 viso
1039 2578 1070 2627 et
1093 2567 1187 2635 lect0‚
1208 2585 1246 2626 ex
1264 2583 1331 2626 una

97 2696 200 2762 parte,
223 2697 254 2744 et
278 2680 421 2743 nobilem
445 2683 554 2744 virum
580 2683 753 2745 dominum
784 2683 1009 2744 Cathelanum
1036 2683 1177 2743 condam
1201 2681 1331 2742 domini

98 2796 262 2859 Guidonis
284 2798 418 2859 domine
443 2798 557 2860 Hostie
580 2800 618 2859 de
642 2798 804 2870 Bononia,
829 2798 967 2859 Mantue
986 2811 1193 2879 potestatem,
1221 2797 1329 2878 ipsum

97 2912 282 2975 Consilium
306 2930 336 2976 et
359 2916 511 2975 dominos
534 2915 721 2976 Ardoinum
754 2917 792 2976 de
816 2915 905 2975 Bosis
926 2929 957 2976 et
982 2914 1164 2975 Vivaldum
1192 2914 1231 2974 de
1253 2912 1333 2974 Tri-

95 3030 232 3109 tnpaleis
253 3031 415 3110 sapientes
438 3031 535 3101 viros,
558 3029 719 3091 Comunis
741 3047 773 3091 et
806 3031 990 3091 Hominum
1016 3031 1155 3092 Mantue
1177 3028 1332 3100 sindicos,

96 3159 131 3206 ut
154 3149 345 3207 continetur
379 3147 412 3207 in
445 3167 511 3208 uno
542 3149 767 3209 instrumento
796 3148 976 3208 sindieatus
1005 3147 1154 3208 confecto
1188 3165 1244 3226 per
1277 3165 1332 3206 me

96 3260 317 3322 Guidolinum
342 3263 510 3323 notarium
536 3263 573 3324 de
597 3262 727 3335 Creme,
757 3279 837 3324 tune
867 3262 1028 3324 Comunis
1060 3264 1198 3323 Mantue
1226 3261 1332 3322 dicta·

94 3391 200 3437 torem
223 3397 260 3438 er
285 3378 398 3437 alteru.
482 3378 624 3439 Predicti
648 3380 734 3438 enim
761 3381 999 3451 amburatores,
1024 3377 1136 3457 nuncij
1160 3392 1191 3438 et
1209 3376 1329 3438 sindici

95 3491 256 3552 Comunis
279 3507 308 3552 et
335 3492 521 3554 Hominum
553 3494 681 3554 Verone
705 3515 763 3574 pro
787 3495 855 3574 ipso
879 3493 1024 3582 Comuni
1046 3510 1076 3555 et
1108 3494 1331 3569 Hominibus;

93 3626 123 3669 et
148 3609 285 3688 predicti
309 3609 435 3670 domini
460 3609 606 3670 Potestas
629 3625 658 3671 et
682 3611 798 3670 sindici
822 3609 984 3671 Comunis
1007 3610 1146 3672 llantue
1175 3629 1234 3691 pro
1259 3613 1330 3690 ipso

93 3723 238 3783 Comuni
261 3738 292 3784 et
317 3723 528 3794 Hominibus,
545 3725 699 3785 invocato
724 3725 782 3785 Dei
799 3726 1037 3806 omnipotentis
1059 3726 1195 3795 auxilio,
1213 3725 1253 3786 ad
1271 3726 1331 3786 ho-

94 3857 206 3898 norem
222 3855 252 3899 et
271 3839 453 3901 utilitatem
479 3842 651 3918 utriusque
674 3838 834 3900 Comunis
850 3856 880 3901 et
899 3840 1095 3913 Hominum,
1119 3843 1159 3902 nd
1184 3841 1327 3902 invicem

92 3967 122 4012 et
146 3952 286 4014 vicissim
312 3956 470 4024 fecerunt,
493 3953 713 4015 lirmnrerunt
737 3969 766 4015 et
791 3977 845 4036 per
868 3957 1120 4036 stipulationem
1152 3958 1331 4018 observare

90 4070 269 4129 solenniter
293 4071 515 4149 promiserunt
539 4071 784 4150 infrascriptum
809 4092 931 4151 pacem,
960 4071 1067 4143 linem,
1091 4072 1331 4144 remissionem,

91 4197 121 4243 et
145 4186 400 4244 transactionem
425 4186 463 4244 de
487 4186 705 4264 infrascriptis
721 4201 750 4245 et
767 4189 1006 4267 suprascriptis,
1022 4209 1085 4268 que
1112 4190 1146 4248 in
1170 4187 1329 4267 capitulis

90 4300 309 4378 infrascriptis
325 4303 541 4362 continentur
557 4317 587 4361 et
607 4303 639 4360 in
661 4304 816 4362 omnibus
839 4320 868 4363 et
893 4304 1029 4382 ‘singulis
1052 4325 1177 4365 eorum.
1263 4305 1330 4366 Te-

360 4419 562 4456 mnum,
589 4418 662 4456 tnn-
688 4435 733 4456 m,
