2874 4748
363 503 531 544 RELleONl
556 503 614 542 lilla
645 503 775 542 VERONA
800 503 818 542 t:
841 500 993 543 attatot'a

302 711 528 774 Domal'ollum
551 712 590 772 de
612 711 763 773 Tribulis

303 827 532 888 Zanubertum
555 827 593 888 de
616 826 825 908 Tridapaleis

302 945 616 1006 Bonaventurinum
639 945 679 1006 de
696 945 848 1007 Soldanis

299 1168 566 1246 Palarignonum
592 1173 711 1228 Amate

303 1387 551 1448 Manfredinum
574 1387 613 1448 de
637 1387 804 1448 Axandris

299 1504 511 1580 Bullacinum
534 1506 573 1566 de
595 1504 803 1566 Cremaschis

301 1621 492 1682 Montinum
516 1621 554 1682 de
578 1621 697 1702 Spallis
718 1627 777 1696 (α).

138 1870 180 1930 Et
203 1889 311 1930 coram
336 1870 379 1929 eis
403 1870 546 1929 narratis
572 1868 780 1947 responsione
810 1867 988 1949 prescripta
1017 1883 1049 1929 et
1079 1869 1288 1930 continentia

59 1989 246 2051 litterarum
270 1988 349 2049 dicti
374 1988 523 2059 pascalis,
545 1988 652 2048 dictus
681 1986 835 2048 dominus
865 1987 1068 2068 Capitaneus
1090 2005 1290 2067 proponens,

58 2103 230 2164 consilium
255 2102 447 2183 postulavit,
469 2102 549 2182 quid
573 2102 699 2182 placeat
722 2101 904 2182 providere.

141 2220 302 2280 Dominus
326 2219 499 2279 Montinus
521 2219 559 2279 de
583 2219 700 2298 Spallis
733 2219 910 2290 consuluit,
932 2216 1020 2298 quod
1044 2217 1228 2279 mittantur
1251 2218 1291 2279 de

58 2358 144 2399 noro
177 2338 345 2416 Sapientes
369 2335 544 2395 Hostiliam
581 2336 689 2395 videre
711 2335 885 2415 diligenter
907 2350 939 2396 et
962 2335 1162 2404 examinare,
1196 2334 1288 2414 quod

59 2457 182 2517 factum
206 2469 250 2515 est
275 2455 320 2514 ibi
343 2454 375 2516 in
400 2453 536 2514 llumine
560 2454 651 2525 Padi,
683 2468 714 2514 et
736 2454 761 2513 si
785 2454 863 2534 quid
895 2454 939 2513 ibi
972 2455 1094 2515 factum
1120 2468 1167 2515 est
1198 2454 1289 2533 quod

58 2594 124 2635 non
159 2574 321 2653 pertineat
354 2572 595 2632 conservationi
620 2572 688 2651 ripe
711 2586 741 2632 et
765 2570 845 2650 quid
872 2573 912 2631 sit
943 2572 1041 2644 illud;
1071 2590 1139 2650 quo
1162 2571 1233 2630 viso
1257 2585 1289 2631 et

56 2691 160 2750 relato
182 2690 318 2749 domino
341 2688 525 2768 Capitaneo
548 2703 578 2748 et
601 2688 737 2748 domino
760 2688 909 2766 Tragion,
940 2702 1060 2767 postea,
1084 2688 1109 2746 si
1133 2687 1176 2747 eis
1200 2687 1292 2747 ride·

58 2809 157 2875 bitur,
191 2809 368 2866 mittantur
402 2806 630 2864 ambaxatores
653 2806 692 2865 ad
716 2806 889 2865 dominum
915 2805 1102 2874 Albertum,
1132 2803 1190 2884 qui
1214 2823 1287 2884 pre-

56 2922 141 2981 dicta
177 2921 319 2980 reserant
352 2919 526 2997 diligenter
560 2934 590 2979 et
613 2939 672 2998 pro
695 2935 793 2988 certo,
818 2921 966 2999 rogaturi
999 2932 1163 2998 quatenus
1195 2917 1288 2998 quod

58 3035 179 3092 laetum
197 3046 275 3092 esset
292 3031 424 3098 ibidem.
445 3033 587 3091 maxime
603 3033 691 3110 qam
709 3033 889 3092 defensioni
902 3046 933 3093 et
955 3031 1198 3092 conservationi
1217 3030 1288 3111 ripe

57 3168 120 3207 non
146 3148 320 3226 pertineat,
344 3161 516 3207 moreatur
539 3163 569 3208 et
594 3150 740 3208 tollatur.

138 3265 299 3323 Dominus
323 3263 479 3323 Gerlinus
501 3265 684 3333 consuluit,
707 3266 793 3344 quod
830 3265 909 3325 dicti
933 3265 1059 3324 domini
1083 3262 1290 3344 Capitaneus

53 3396 83 3440 et
107 3379 174 3440 eins
199 3379 309 3448 irater,
333 3380 577 3439 considerantes
599 3383 685 3459 quud
713 3383 805 3441 misse
827 3395 903 3441 sunt
930 3383 1032 3451 litere,
1055 3379 1173 3440 deinde
1198 3399 1286 3440 unus

55 3499 260 3564 ambaxator‚
285 3511 392 3574 postea
417 3496 482 3554 duo
506 3499 744 3565 aramundarus,
768 3518 829 3576 que
852 3498 964 3557 omnia
1000 3497 1101 3557 nichil
1126 3496 1287 3577 proluisse

53 3615 220 3684 ridentur,
242 3613 431 3672 erarninent
455 3627 483 3671 et
510 3615 642 3673 rideant
680 3631 791 3676 utiann
827 3616 941 3675 melius
963 3615 1003 3674 sit
1031 3615 1151 3674 iterum
1177 3613 1288 3694 requi-

54 3752 121 3790 rere
145 3730 318 3790 domiuum
344 3731 517 3790 :libertum
544 3732 581 3790 de
605 3732 757 3811 predictis
781 3734 829 3791 rel
856 3754 931 3802 non¹
948 3747 977 3792 et
1001 3731 1088 3811 quod
1111 3751 1208 3811 super
1226 3730 1289 3790 hu-

54 3847 192 3905 iusmodi
218 3846 430 3924 requisitione
455 3845 598 3905 l'acierrda
626 3848 674 3905 rel
692 3848 887 3915 omittenda,
911 3863 940 3908 et
964 3868 1060 3928 super
1082 3847 1240 3907 omnibus
1255 3860 1287 3906 et

50 3963 188 4039 singulis
212 3962 431 4040 proridendis,
455 3963 686 4041 prosequendis
709 3979 739 4023 et
764 3965 907 4042 eruendis,
931 3983 1141 4042 quocumque
1176 3962 1287 4032 modu,

52 4095 80 4137 et
106 4098 179 4136 curn
205 4079 351 4155 atirili'net
376 4079 610 4137 contrahendis
633 4097 663 4139 et
687 4081 897 4159 complendis,
920 4101 982 4159 que
1011 4081 1133 4139 bonum
1157 4093 1285 4139 statum

53 4193 225 4271 respiciant
253 4192 417 4251 dictorum
448 4194 665 4252 llominornm
690 4195 869 4253 amicorum
895 4214 1042 4263 selorum,
1065 4207 1095 4254 et
1120 4193 1286 4253 Comanis

55 4309 200 4374 llantue.
234 4309 388 4368 dominus
422 4308 623 4388 Capitaneus
653 4327 682 4368 et
713 4310 818 4370 dictus
852 4310 1007 4370 domiuus
1037 4309 1187 4388 Taginus
1215 4307 1287 4369 eius

52 4423 152 4470 irati-r
178 4423 319 4470 itala-:mr
347 4424 477 4470 plentina
505 4424 680 4470 arlritrlrrm
713 4439 742 4470 et
776 4425 1016 4470 islanirmlinam
1044 4424 1215 4471 antestari<
1242 4422 1290 4470 fa-
