2874 4748
633 413 701 457 ooc.
725 414 821 454 exin:
849 397 939 476 1297'
1325 398 1382 474 275

151 626 229 688 dicti
252 626 379 688 domini
403 625 852 700 lohannini,liberationenr,
874 627 1108 700 dimissionem,
1127 631 1382 706 absolutionem,

152 743 248 805 linem
272 759 303 804 et
326 743 559 816 remissionem,
582 743 815 806 liberationem
837 765 893 806 seu
916 745 1168 825 quietationem,
1190 763 1221 809 et
1249 764 1382 830 pactum

152 859 400 920 irrevocabilem
425 859 565 920 ulterius
597 859 635 920 de
670 879 736 920 non
760 861 911 941 petendu,
933 875 964 922 et
987 861 1229 924 absolutionem
1252 877 1283 924 et
1307 864 1385 924 libe-

153 975 314 1036 rationem
340 975 520 1036 faciendam
554 993 610 1056 per
642 975 848 1056 aquilianam
880 977 1130 1058 stipulationem
1160 993 1191 1040 et
1215 980 1385 1060 acceptila-

152 1092 277 1154 tionem
301 1092 446 1173 legitime
466 1094 674 1154 subsecutam
698 1114 715 1154 a
739 1092 894 1173 predictis
915 1092 1052 1154 domino
1067 1094 1191 1166 abbati,
1215 1096 1383 1168 fratribus,

153 1223 319 1271 conventu
342 1223 373 1270 et
396 1209 544 1290 capitulo
566 1208 646 1270 dicti
669 1209 860 1270 monasterii
884 1229 940 1290 per
961 1231 993 1271 se
1015 1223 1046 1271 et
1068 1210 1193 1272 dictum
1223 1228 1384 1274 monaste·

154 1325 241 1386 rium
264 1338 430 1386 eteorum
453 1344 658 1396 successores,
673 1325 711 1386 de
728 1325 929 1405 prestatione
944 1327 1048 1386 annui
1074 1326 1141 1388 ticti
1166 1327 1384 1408 vigintiquin-

153 1461 216 1521 que
233 1440 420 1502 modiorum
440 1441 610 1512 frumenti,
627 1441 667 1501 ad
684 1441 847 1501 minalum
863 1460 1051 1514 veronense,
1066 1457 1097 1504 et
1113 1443 1153 1503 de
1168 1445 1259 1505 omni
1278 1443 1385 1514 feuda,

154 1552 370 1623 vassallatico,
386 1553 559 1624 locatione,
582 1554 793 1634 prestatione,
807 1567 838 1616 et
856 1553 1004 1634 qualibet
1027 1555 1090 1616 alia
1113 1557 1282 1628 servitute,
1303 1558 1385 1618 obli-

153 1667 286 1746 gatione
307 1681 338 1729 et
362 1667 401 1729 de
422 1670 514 1730 omni
536 1686 583 1739 eo,
606 1668 694 1748 quod
717 1668 776 1748 ipsi
801 1667 974 1739 Berardus,
998 1667 1120 1740 Guid0,
1152 1671 1386 1752 Raynaldinus

154 1796 186 1842 et
210 1781 447 1844 Bonaventura
471 1782 588 1844 fratres
611 1798 642 1844 et
666 1783 786 1863 dliquis
816 1803 930 1845 eorum
964 1785 1082 1845 eisdem
1113 1785 1249 1846 domino
1272 1788 1384 1848 abbati

154 1910 186 1958 et
209 1899 419 1970 monasterio
441 1898 481 1959 de
503 1897 575 1959 iure
596 1899 647 1958 vel
670 1899 708 1960 de
733 1899 829 1970 lacto,
850 1918 904 1959 seu
929 1900 1027 1960 modo
1050 1901 1162 1980 aliquo
1185 1902 1386 1963 tenebantur

154 2025 186 2074 et
208 2025 401 2074 tenerentur
417 2028 494 2075 ante
508 2015 688 2094 predictam
704 2015 1001 2088 renunciationem,
1017 2030 1049 2077 et
1068 2017 1213 2096 predicta
1236 2019 1387 2099 superius

155 2144 303 2200 narrata,
323 2129 491 2191 occasione
507 2130 672 2191 dictarum
696 2150 805 2192 rerum
824 2145 855 2192 et
872 2123 1008 2202 iuriutn,
1031 2132 1151 2211 quibus
1172 2132 1279 2193 dictus
1303 2133 1384 2194 Gui-

154 2246 287 2334 scardus
310 2247 540 2329 procuratorio
563 2248 697 2308 nomine
714 2267 773 2329 pro
789 2248 833 2309 eis
856 2247 1015 2309 iratribus
1039 2250 1260 2310 renunciavit.
1343 2253 1385 2312 Et

155 2365 196 2426 ad
219 2364 459 2446 promissiones,
481 2365 721 2445 stipulationes,
739 2365 966 2444 obligationes,
989 2382 1094 2446 pacta,
1118 2368 1386 2429 renuntiationes

154 2496 187 2543 et
210 2481 444 2543 conventiones
466 2496 497 2542 et
519 2483 631 2542 omnia
655 2496 686 2542 et
708 2482 837 2562 singula
862 2482 895 2542 in
920 2482 1015 2543 biset
1032 2504 1091 2563 pro
1108 2483 1203 2544 biset
1226 2485 1310 2544 circa
1328 2484 1386 2545 lrec

156 2597 253 2657 utilia
276 2609 307 2657 et
331 2597 507 2657 necessaria
541 2596 777 2676 recipiendum.
883 2598 924 2656 Et
948 2596 987 2657 ad
1012 2598 1189 2677 petendum
1224 2601 1311 2679 quod
1336 2600 1389 2659 de-

155 2727 282 2774 cretum
304 2725 335 2773 et
359 2711 559 2792 pontificalis
581 2712 761 2772 auctoritas
789 2713 915 2772 domini
940 2712 1171 2784 Bonincontri,
1196 2713 1253 2774 Dei
1277 2714 1385 2793 gratia

156 2829 297 2910 episcopi
323 2829 451 2890 Verone
473 2835 520 2902 (r)
547 2828 749 2889 interveniat
782 2828 985 2889 sollemniter
1017 2829 1231 2889 celebrationi
1265 2831 1388 2910 predic-

157 2959 269 3006 torum
296 2945 451 3006 faciende.
535 2944 658 3004 Dantes
674 2959 703 3004 et
721 2944 934 3004 concedentes
955 2944 1057 3004 eidem
1077 2944 1214 3004 domino
1229 2944 1390 3006 Orabono

155 3079 216 3120 suo
229 3060 436 3140 procuratori
451 3060 587 3120 liberam
601 3073 631 3120 et
644 3061 826 3139 generalem
845 3061 1180 3133 administrationem,
1193 3077 1387 3142 potestatem

156 3189 189 3237 et
212 3175 408 3237 mandatum
434 3174 571 3236 faciendi
595 3191 626 3235 et
651 3175 826 3256 recipiendi
852 3176 884 3235 in
907 3176 1059 3256 predictis
1081 3191 1111 3237 et
1135 3179 1218 3238 circa
1243 3179 1387 3258 predicta

157 3304 188 3352 et
212 3290 383 3370 quodlibet
396 3297 454 3365 (a),
478 3290 714 3370 predictorum,
748 3291 1027 3370 quemadmodum
1053 3292 1111 3370 ipsi
1136 3293 1252 3353 l'ratres
1286 3294 1389 3353 lacere

156 3421 188 3469 et
213 3407 353 3488 recipere
377 3419 514 3486 possent,
530 3407 555 3465 si
579 3407 794 3486 personaliter
812 3407 1014 3467 interessent.
1098 3408 1232 3468 Necnon
1256 3409 1390 3488 promit·

156 3537 263 3595 tentes
278 3543 335 3605 per
349 3524 540 3584 sollemnem
557 3524 809 3602 stipulationem
834 3523 934 3583 michi
961 3524 1150 3583 Rolandino
1170 3526 1301 3585 notario
1316 3526 1390 3584 sub-

210 3747 246 3802 (a)
260 3749 279 3788 A
294 3749 389 3800 quolibet

231 4051 268 4116 (1)
289 4049 510 4114 Bonincontr0,
530 4048 630 4101 arnico
651 4048 732 4117 degli
754 4047 911 4116 scaligeri,
937 4050 1073 4101 secondo
1099 4048 1127 4100 la
1146 4064 1203 4100 sua
1222 4046 1325 4116 lapide
1346 4063 1391 4098 se-

158 4138 297 4209 polcrale
317 4155 430 4192 ancora
449 4139 599 4191 asistente
619 4136 678 4190 3113
699 4137 876 4190 Cattedrale
891 4138 920 4189 di
938 4137 1070 4202 Verona,
1083 4142 1157 4189 mori
1181 4136 1257 4188 1128
1277 4136 1389 4204 giugno

158 4229 238 4296 1298.
260 4228 302 4281 Fu
322 4227 445 4297 sepolto
467 4228 487 4280 il
508 4226 538 4280 dl
559 4243 709 4295 appresso
739 4225 794 4290 (Dr
815 4225 956 4291 Rouaso,
978 4226 1008 4278 in
1030 4226 1098 4291 alul.
1122 4226 1207 4278 (rore.
1234 4223 1346 4285 Veron,
1370 4226 1391 4287 l,
1433 4255 1435 4300 r

156 4317 227 4387 452;
247 4316 277 4370 la
297 4316 409 4386 lapide,
430 4317 481 4381 ivi,
496 4334 523 4385 p.
537 4317 608 4385 455).
624 4319 649 4367 sl
670 4331 801 4384 procare
823 4314 851 4366 le
874 4315 1019 4368 relationi
1042 4313 1226 4368 arniclrevoli
1248 4313 1388 4366 esistenti

159 4417 208 4461 tra
233 4405 255 4459 il
275 4424 408 4460 vescovo
430 4406 639 4459 Bonincontro
666 4421 682 4455 e
711 4403 838 4455 Alberto
865 4403 950 4456 della
970 4404 1060 4457 Scala
1080 4424 1096 4456 e
1117 4403 1145 4456 la
1165 4420 1221 4456 sua
1241 4401 1391 4469 l'amiglia,

158 4497 251 4566 valga
271 4497 291 4550 il
313 4505 498 4550 testamento
519 4495 574 4547 elie
591 4494 649 4558 egli
668 4494 731 4545 lece
754 4509 862 4560 rogare
885 4493 904 4544 il
926 4492 943 4545 5
963 4494 1077 4562 giugno
1095 4493 1170 4560 1258,
1186 4491 1276 4560 pochi
1292 4490 1389 4556 giorni

160 4586 262 4656 prima
282 4584 311 4638 di
335 4584 446 4637 morire
469 4584 584 4650 (Vrtur,
606 4582 719 4648 Murco,
741 4581 806 4648 Vll,
826 4599 860 4648 24
881 4586 963 4651 sggl,
