2874 4748
608 379 678 421 noc.
702 377 800 419 amn:
827 375 900 439 ¹²97
1317 355 1374 435 ²73

147 596 229 666 aliis,
251 614 314 676 que
336 609 366 655 et
390 614 472 675 quas
493 591 574 654 dicti
599 590 715 652 fratres
735 609 791 651 seu
814 591 897 651 alter
916 589 1062 671 ipsorum
1086 586 1264 657 habebant,
1287 599 1374 647 tene-

148 714 227 775 bant
240 725 271 773 et
284 711 506 795 possidebant,
518 709 568 770 rel
581 707 685 789 quasi,
698 727 754 790 per
765 727 797 768 se
807 706 857 768 vel
867 705 989 767 aliosin
1000 719 1073 767 toto
1081 704 1263 775 territorio,
1274 715 1374 775 terra,

144 828 236 889 curia
259 843 290 890 et
314 824 524 910 pertinentiis
558 824 778 905 Villempente
802 823 1015 894 Veronensis,
1041 841 1104 902 qne
1126 836 1158 883 et
1182 841 1264 901 quas
1293 819 1374 881 dicti

146 944 263 1006 fratres
279 964 333 1007 seu
351 945 435 1005 alter
457 961 570 1004 eorum
589 929 745 1003 tenebant
769 939 803 1000 in
828 937 964 1001 seudum
986 953 1018 1000 et
1041 938 1238 1000 locationem
1263 959 1279 998 a
1304 957 1375 1019 pre-

144 1061 233 1122 dicto
248 1059 517 1121 dominoabbate
540 1077 599 1138 pro
622 1057 690 1138 ipso
705 1057 906 1118 monasterio
927 1069 958 1116 et
981 1055 1080 1116 asuis
1102 1054 1373 1136 predecesoribus,

146 1177 266 1238 faciens
290 1176 397 1237 dictus
423 1174 625 1236 Guiscardus
649 1173 879 1255 procuratorio
902 1173 1045 1242 nomine,
1068 1187 1106 1232 ut
1128 1191 1247 1252 supra,
1269 1171 1372 1232 eidem

143 1292 280 1354 domino
296 1291 408 1352 abbati
434 1289 614 1371 recipienti,
630 1302 666 1349 ut
682 1307 792 1370 supra,
807 1289 845 1350 de
860 1290 1016 1350 omnibus
1027 1301 1057 1349 et
1073 1288 1210 1369 singulis
1223 1287 1375 1368 predictis

143 1404 241 1466 linem
258 1417 289 1465 ct
310 1404 532 1468 remissionem
549 1415 580 1462 et
598 1415 742 1482 pactum,
758 1401 846 1482 quod
869 1400 908 1463 de
929 1416 1037 1463 cetero
1054 1401 1180 1462 dictum
1198 1400 1372 1462 dominum

142 1522 308 1592 abbatem,
324 1539 399 1580 suos
412 1517 655 1600 predecessores,
674 1518 799 1578 dictum
820 1518 1059 1579 monasterium
1076 1531 1107 1579 et
1124 1517 1282 1579 habentes
1299 1536 1374 1580 cau-

141 1657 211 1699 sam
235 1637 277 1698 ab
299 1655 336 1698 eo
359 1655 425 1697 non
450 1634 674 1696 molestabunt
696 1653 750 1695 seu
775 1634 1023 1714 inquietabunt,
1047 1633 1294 1694 nec'molestari
1316 1652 1370 1694 seu

142 1752 323 1834 inquietari
337 1752 531 1833 permittent
551 1771 606 1832 per
631 1751 776 1830 aliquam
794 1769 965 1829 personam
990 1749 1220 1829 interpositam
1245 1768 1305 1830 pro
1319 1749 1373 1820 eis,

142 1887 284 1930 asserens
306 1881 336 1929 et
361 1867 529 1928 affirmans
550 1867 657 1927 dictus
680 1863 891 1935 Guiscardus,
915 1863 1144 1944 procuratorio
1167 1865 1301 1925 nomine
1321 1883 1372 1924 su·

144 1984 303 2064 predicto,
325 1984 413 2065 quod
430 1983 490 2064 ipsi
507 1983 624 2044 fratres
637 2001 692 2042 seu
709 1980 829 2060 aliquis
850 1999 963 2041 eorum
987 1979 1025 2040 de
1044 1978 1197 2060 predictis
1218 1979 1373 2040 omnibus

141 2113 174 2160 et
195 2098 332 2179 singulis
355 2099 387 2159 in
412 2111 532 2168 totum,
556 2111 682 2177 partem
699 2112 731 2159 et
749 2097 944 2177 particulam
964 2095 1047 2156 nulli
1071 2115 1205 2176 persone
1227 2094 1373 2155 ecelesia-

141 2214 221 2275 stice
234 2214 283 2274 vel
299 2215 447 2283 seculari,
463 2213 600 2294 collegio
613 2213 662 2273 vel
687 2210 907 2280 universitati,
932 2210 1077 2271 lecerunt
1102 2230 1157 2290 per
1171 2231 1202 2271 se
1225 2209 1275 2271 vel
1292 2209 1373 2270 alios

142 2329 381 2402 venditionem,
396 2329 623 2400 donationem,
639 2328 919 2410 permutationem
935 2347 990 2387 seu
1007 2327 1153 2407 aliquam
1168 2326 1268 2388 aliam
1291 2326 1372 2387 obli-

140 2448 318 2529 gationem,
336 2460 367 2510 et
383 2448 526 2529 qualiter
550 2447 656 2508 dictus
681 2446 892 2516 Guiseardus,
915 2445 1145 2526 procuratorio
1169 2444 1303 2505 nomine
1319 2464 1370 2506 eo-

141 2585 229 2633 rum,
245 2565 395 2646 promisit
412 2565 501 2624 dicto
516 2564 652 2624 domino
675 2564 787 2642 abbati
811 2563 980 2644 recipienti
1005 2582 1063 2643 pro
1086 2563 1155 2643 ipso
1171 2561 1372 2622 monasterio

139 2682 180 2742 de
201 2681 355 2741 omnibus
371 2681 524 2762 predictis
541 2695 571 2741 et
588 2680 725 2761 singulis
737 2681 840 2742 eidem
865 2680 1000 2741 domino
1023 2679 1146 2750 abbati,
1161 2679 1227 2738 suis
1244 2678 1372 2738 nunciis

140 2797 191 2857 rel
213 2797 493 2878 procuratoribus,
509 2796 639 2859 tradere
663 2816 800 2857 vacuam
816 2811 846 2857 et
863 2796 1048 2877 expeditam
1074 2797 1302 2876 possessionem
1321 2795 1369 2855 vel

139 2913 255 2991 quasi,
277 2913 481 2973 constituens
506 2914 613 2973 dictus
636 2913 839 2974 Guiscardus
862 2928 1056 2993 procurator
1081 2913 1191 2973 omnia
1223 2912 1368 2992 predicta

139 3029 312 3108 etsingula
335 3049 366 3088 se
390 3047 448 3109 pro
470 3029 538 3110 ipso
562 3029 697 3089 domino
720 3030 838 3089 abbate
855 3028 1002 3109 precario
1022 3028 1254 3108 possidere,vel
1267 3030 1371 3109 quasi,

138 3145 243 3204 donec
265 3144 303 3206 de
328 3145 482 3225 predictis
505 3165 560 3226 per
581 3166 612 3205 se
627 3147 675 3205 vel
694 3145 795 3205 alium
821 3160 971 3205 tenutam
997 3147 1045 3205 rel
1070 3145 1299 3224 possessionem
1320 3144 1369 3204 rel

138 3262 232 3338 quasi
257 3260 418 3341 ingressus
442 3261 540 3321 luerit
563 3263 776 3342 corporalem,
807 3282 906 3341 quam
938 3261 1065 3341 ingredi
1092 3259 1371 3341 quandocumque

140 3375 283 3436 soluerit
298 3396 354 3456 per
367 3398 397 3437 se
411 3378 459 3437 vel
474 3377 588 3446 alium,
601 3391 669 3438 tarn
682 3399 750 3448 sua,
766 3397 865 3458 quam
881 3377 1026 3438 iudiciali
1041 3377 1250 3447 auctoritate,
1266 3376 1369 3437 eidem

138 3491 276 3552 domino
298 3493 412 3552 abbati
435 3492 525 3554 dedit
550 3493 715 3553 licentiam
739 3508 769 3554 et
795 3493 929 3554 liberam
956 3507 1159 3573 potestatem.
1252 3492 1371 3552 Dando

138 3620 171 3668 et
184 3607 326 3668 cedendo
339 3608 667 3679 dictusGuiscardus,
681 3615 910 3690 procuratorio
923 3611 1055 3670 nornine
1068 3610 1268 3689 supradicto,
1282 3609 1371 3669 dicto

137 3724 275 3784 domino
291 3725 403 3785 abbati
422 3745 534 3786 omnes
550 3727 702 3794 actiones,
727 3728 825 3787 reales
838 3741 867 3786 et
883 3727 1065 3806 personales
1080 3740 1110 3786 et
1133 3727 1369 3805 cuiuscumque

136 3841 274 3922 generis,
296 3861 377 3921 quas
399 3842 477 3903 dicti
504 3843 620 3903 l'tatres
653 3844 701 3903 rel
726 3844 845 3923 aliquis
878 3863 989 3903 eorurn
1017 3843 1157 3903 lnrbebat
1183 3843 1230 3902 rel
1256 3813 1394 3920 aliquo·

137 3955 236 4018 modo
260 3956 378 4018 habere
402 3972 553 4038 poterant
584 3959 618 4017 in
641 3959 795 4018 omnibus
817 3974 848 4019 et
871 3959 1007 4039 singulis
1029 3958 1176 4038 superius
1206 3957 1370 4036 expressis,

134 4086 169 4134 et
192 4091 273 4153 quas
296 4074 463 4134 habebant
484 4076 532 4134 rel
556 4074 668 4153 aliquo
693 4075 789 4135 modo
813 4075 931 4135 babere
961 4089 1088 4154 possent
1111 4087 1226 4133 contra
1253 4075 1370 4132 vassal-

135 4193 194 4261 los,
218 4191 448 4252 universitates
471 4206 501 4251 et
524 4193 705 4271 singulares
730 4210 880 4269 personas
903 4193 986 4252 dicte
1015 4207 1099 4251 terre
1123 4191 1155 4250 in
1180 4191 1309 4250 iuribus
1338 4206 1368 4250 et

134 4306 406 4368 iurisdicionibus
428 4324 458 4368 et
482 4324 596 4369 contra
622 4323 768 4369 tenentes
789 4323 820 4368 et
844 4310 1031 4368 laborantes
1060 4309 1098 4368 de
1123 4308 1197 4387 ipsis
1221 4308 1315 4368 terris
1338 4322 1368 4366 et

134 4423 390 4506 possessionibus
412 4440 443 4484 et
466 4424 621 4484 omnibus
640 4424 847 4503 supradictis,
871 4424 902 4482 in
921 4424 1025 4494 dritis,
1050 4423 1141 4494 lictis,
1166 4425 1265 4504 penis,
1282 4423 1369 4482 dant·

134 4538 189 4602 rtis
212 4554 242 4601 et
266 4540 418 4602 interesse
441 4555 471 4601 et
495 4542 650 4600 omnibus
673 4542 744 4600 aliis
767 4541 933 4620 stipularis
950 4556 979 4601 et
1000 4542 1174 4621 prontissis,
1198 4557 1227 4601 et
1252 4555 1367 4600 contra

220 4684 245 4723 C·
260 4685 363 4726 Cirouba.
378 4708 404 4714 -
421 4686 588 4737 lieltrzr'nur'smr
610 4687 693 4725 l'rratm
710 4699 720 4725 e
736 4687 850 4725 liliatam.
1284 4691 1305 4720 rb
