2856 4808
62 464 117 542 392
362 482 529 522 antimosi
556 482 614 521 aaa
637 482 764 522 sinuosa
790 482 808 521 c
832 481 983 520 irrurova

61 693 110 753 vel
136 693 292 755 favorem.
387 692 467 754 Item
490 693 531 752 ad
554 692 801 773 promitendum
825 705 856 752 et
879 689 1144 751 conveniendum
1168 691 1291 752 eisdem

60 807 241 868 dominis..
266 808 466 889 Capitaneis,
489 808 707 878 Comunibns,
732 807 865 888 Populis
881 822 912 867 et
929 805 1134 868 Civitatibus
1159 806 1290 867 Verone

60 936 89 983 et
114 924 252 985 Mantue
275 940 438 986 eteorum
461 925 595 985 cuilibet
619 926 657 985 de
682 923 828 988 facienda
853 924 928 983 viva
959 942 1078 1002 guerra
1102 923 1290 982 comuniter

60 1054 91 1099 et
115 1039 246 1099 divisim
269 1039 365 1098 dictis
393 1039 643 1099 lllarchionibus
674 1039 722 1098 vel
751 1057 826 1098 curn
856 1037 1014 1097 dantibus
1042 1036 1085 1096 eis
1115 1036 1291 1105 auxilium,

60 1154 233 1215 consilium
253 1155 302 1215 vel
323 1153 479 1215 favorem.
545 1155 624 1215 Item
641 1154 681 1214 ad
699 1155 944 1234 promitendum
962 1168 992 1214 et
1011 1153 1291 1223 conveniendum,

61 1270 195 1330 nomine
224 1269 390 1330 dictorum
421 1270 674 1331 dominorum..
699 1270 884 1341 Potestatis,
912 1270 1098 1350 Capitanei,
1124 1247 1292 1329 :luciano-

62 1398 134 1445 rum
157 1399 188 1446 et
213 1385 396 1446 Consulum
421 1385 539 1465 Populi
562 1399 593 1447 et
617 1384 779 1447 Comunis
802 1384 959 1455 Bononio,
982 1384 1021 1444 de
1050 1405 1115 1444 non
1140 1384 1289 1445 facienda

59 1501 246 1571 concordia,
269 1517 418 1591 treugua,
442 1503 491 1562 vel
516 1521 602 1582 pace,
626 1502 674 1563 vel
699 1502 865 1582 aliquibus
888 1500 1033 1561 fidantiis
1056 1501 1197 1561 iniendis
1214 1520 1289 1561 cum

62 1617 254 1697 predictis..
279 1617 538 1688 biarchionibus,
554 1620 605 1679 vel
627 1639 701 1678 cum
719 1618 876 1679 dantibus
898 1619 941 1678 eis
964 1617 1128 1678 auxilium
1146 1618 1195 1677 rel
1216 1636 1290 1677 con·

61 1733 183 1802 silium,
204 1733 273 1822 sine
296 1734 439 1804 licentia,
470 1736 642 1795 uoluntate
667 1750 698 1794 et
721 1733 855 1795 comuni
877 1753 1034 1794 consensu
1066 1734 1288 1813 predictorum

60 1850 315 1911 dominorum..
343 1845 616 1931 Capitaneorum,
639 1851 856 1921 Comunium,
883 1849 1089 1930 Populorum
1111 1865 1142 1910 et
1164 1848 1290 1909 Civita-

62 1981 133 2027 tum
159 1966 287 2026 Verone
310 1981 340 2027 et
366 1967 512 2028 Mantue.
599 1966 678 2027 ltem
702 1966 743 2026 ad
766 1966 946 2026 iurandum
970 1966 1004 2024 in
1028 1965 1155 2025 animas
1176 1979 1205 2024 et
1229 1985 1292 2044 pro

62 2081 237 2141 animabus
258 2081 409 2142 omnium
433 2095 463 2142 et
486 2082 694 2161 singulorum
711 2081 986 2141 constituentium
1005 2074 1228 2161 predictorum
1253 2082 1292 2141 de

61 2197 273 2256 observandis
295 2213 325 2256 et
349 2198 564 2258 effectualiter
597 2197 816 2278 adimplendis
838 2198 993 2257 omnibus
1013 2211 1044 2256 et
1066 2197 1203 2275 singulis
1228 2216 1293 2276 que

64 2333 122 2392 pro
144 2315 187 2373 eis
209 2327 239 2372 et
264 2332 378 2373 eorum
396 2314 529 2373 nomine
546 2314 769 2392 promitentur
786 2315 820 2374 in
837 2315 1060 2374 instrumento
1079 2312 1228 2373 faciendo
1244 2332 1292 2372 so·

62 2430 198 2498 cietatis,
217 2429 436 2489 fraternitatis
458 2443 488 2489 et
514 2431 580 2509 lege
594 2437 643 2503 (a)
660 2431 813 2510 predicte,
826 2450 900 2490 cum
917 2422 1197 2509 promissionibus,
1210 2428 1293 2489 obli-

62 2544 261 2624 gationibus,
276 2544 558 2624 stipulationibus,
574 2548 665 2625 penis
680 2560 710 2605 et
728 2545 1045 2615 renuntiationibus,
1063 2564 1125 2624 que
1139 2558 1295 2624 agentur,

64 2661 196 2731 lient,et
211 2662 396 2721 inserentur
420 2661 453 2720 in
477 2662 564 2720 dicto
587 2663 810 2723 instrumento
835 2661 1007 2731 societatis,
1026 2661 1246 2721 fraternitatis
1261 2677 1293 2720 et

64 2778 130 2857 lege
144 2784 192 2849 (a)
207 2776 351 2837 faciende
369 2797 423 2857 per
440 2797 525 2845 eum,
541 2778 672 2838 nomine
689 2793 719 2838 et
738 2779 804 2838 vice
827 2777 1081 2838 dominorum..
1105 2776 1293 2847 Potestatis,

65 2893 252 2973 Capitanei,
276 2895 503 2954 Antianorum
522 2908 551 2954 et
569 2893 753 2954 Consulum
778 2894 938 2953 Comunis
954 2909 984 2953 et
1001 2893 1117 2974 Populi
1135 2892 1293 2952 Civitatis

68 3011 222 3079 llouonie,
245 3030 318 3071 cum
342 3011 437 3071 dictis
459 3012 641 3072 dominis..
665 3011 865 3091 Capitaneis,
881 3009 1026 3070 Comuni
1045 3025 1075 3070 et
1092 3008 1218 3086 Populo
1235 3006 1291 3067 Ci-

66 3125 178 3184 vitatis
203 3125 341 3193 Verone,
363 3126 430 3185 sive
453 3146 525 3185 cum
555 3147 668 3186 eorum
701 3126 871 3205 legiptimo
893 3126 1030 3205 syndico
1057 3125 1105 3184 vel
1129 3142 1294 3204 procura-

66 3258 144 3303 tore.
250 3243 373 3303 Dantes
395 3259 424 3303 et
453 3244 664 3304 concedentes
698 3245 756 3323 ipsi
790 3243 926 3323 syndico
955 3259 985 3303 et
1017 3242 1223 3323 procuratori
1259 3243 1293 3303 in

65 3359 218 3438 predictis
240 3373 271 3416 et
294 3358 441 3437 quolibet
466 3360 687 3438 predictorum
712 3360 860 3436 gerrerale
878 3359 1085 3427 mandatum,
1100 3377 1173 3417 cum
1189 3359 1293 3419 libera

64 3491 95 3536 et
118 3476 224 3534 soluta
248 3474 547 3535 administratione.
640 3476 860 3536 Promitentes
884 3476 942 3554 ipsi
966 3475 1102 3554 syndico
1124 3490 1155 3534 et
1179 3495 1297 3555 procu-

67 3594 168 3653 ratori
185 3607 215 3651 et
233 3591 332 3650 miclii
358 3593 488 3651 notario
510 3592 683 3672 stipulanti
711 3593 843 3652 nomine
865 3606 895 3651 et
920 3593 988 3652 tice
1004 3593 1169 3652 dictorum
1193 3594 1296 3652 domi·

66 3730 229 3770 norum..
263 3707 523 3787 Capitaneorum
559 3711 763 3769 Comunium
799 3724 828 3769 et
864 3708 1068 3788 l'opulorum
1104 3709 1295 3770 Civitatum

68 3826 195 3886 Veroue
227 3839 257 3884 et
294 3825 441 3895 blantue,
463 3847 493 3883 se
518 3826 630 3894 leuna,
665 3840 734 3885 rata
759 3840 789 3884 et
814 3840 906 3903 grata
941 3825 1112 3884 habituros
1142 3846 1297 3886 exnunc

65 3957 162 4020 prout
187 3963 223 4001 ex
247 3955 326 4001 tunc
350 3960 556 4020 quecumque
586 3942 691 4001 dictus
720 3940 875 4021 syndicus
903 3956 934 3999 et
963 3953 1156 4019 procurator
1184 3940 1297 4001 fecerit

66 4060 98 4117 in
122 4057 275 4136 predictis
297 4070 326 4116 et
350 4057 498 4135 quolibet
520 4058 752 4135 predictorum,
769 4057 827 4114 sub
843 4056 1046 4133 obligatione
1063 4055 1215 4114 oninium
1242 4056 1298 4115 bu-

68 4194 185 4233 norum
209 4174 288 4233 dicti
314 4174 483 4233 Comunis.

146 4380 268 4434 Actum
287 4377 318 4435 in
338 4377 474 4455 pallatio
499 4376 598 4434 ceteri
624 4376 959 4445 commistamque,
983 4375 1022 4434 ad
1047 4375 1170 4435 discum
1198 4375 1301 4447 Ursii,

67 4495 272 4573 presentibus
297 4494 398 4552 nobili
424 4495 527 4553 milite
550 4493 684 4551 domino
710 4493 890 4553 (iuilielmo
912 4494 950 4552 de
977 4492 1081 4572 Hugis
1099 4493 1215 4553 futuro
1240 4495 1301 4555 Ca·
