2834 4792
94 483 134 544 74
399 483 568 523 arrrzronr
592 484 651 525 rna
675 483 802 525 venons
826 485 845 526 ε
868 484 1022 525 nnnrova

95 694 163 755 rint
184 694 296 755 venire
317 709 349 755 et
371 715 435 756 esse
464 695 505 756 ad
533 695 654 756 dictam
678 698 878 767 societatem,
901 696 989 758 unde
1013 696 1150 758 Domini
1172 711 1204 759 et
1226 698 1327 762 Com-

95 810 209 871 munia
233 811 378 891 predicta
401 824 580 872 teneantur
602 831 655 872 eos
685 810 804 872 habere
834 831 894 892 pro
923 831 991 873 non
1021 811 1134 873 amicis
1155 825 1186 874 et
1207 827 1325 879 contra

95 927 166 987 illos
189 946 275 987 unus
297 928 439 988 alterum
463 940 616 988 teneatur
647 927 820 989 defendere
851 943 882 989 et
905 928 1029 1000 iuvare,
1059 949 1117 990 nec
1138 930 1184 990 eis
1212 930 1326 1013 aliquo

94 1044 226 1124 ingenio
249 1042 412 1103 auxilium
435 1043 575 1112 exibere,
596 1044 688 1103 salvo
710 1045 799 1125 quod
822 1061 1018 1107 mercatores
1039 1045 1079 1106 de
1104 1045 1225 1108 Tuscia
1247 1068 1326 1111 scm·

94 1178 149 1238 per
170 1178 280 1220 secure
303 1160 425 1239 possint
448 1161 506 1229 ire,
528 1158 634 1219 redire
655 1172 687 1220 et
709 1175 795 1221 stare
817 1174 850 1222 et
871 1162 1058 1222 conversari
1081 1182 1155 1223 cum
1180 1164 1325 1243 personis

92 1288 125 1335 et
148 1275 311 1335 mercibus
322 1295 378 1356 per
389 1276 557 1335 civitatem
571 1288 603 1335 et
616 1274 784 1336 territoria
802 1275 940 1337 Mantue
951 1291 983 1338 et
999 1276 1150 1339 Ferrarie
1165 1293 1195 1340 et
1211 1278 1324 1340 Padue

92 1404 124 1451 et
148 1389 321 1461 Cremone,
343 1391 432 1452 dicto
454 1391 601 1470 capitulo
623 1389 806 1450 amicorum
829 1390 868 1452 de
891 1390 1010 1453 Tuscia
1035 1394 1284 1457 nonobstante.

172 1507 233 1588 [ΙΙ]
258 1507 338 1569 item
362 1507 443 1568 fiant
467 1507 635 1589 parentele
658 1505 744 1567 inter
766 1505 940 1568 dominum
961 1507 1184 1572 marchionem
1208 1510 1325 1573 Estcn·

93 1647 158 1687 sem
181 1641 212 1687 et
235 1625 406 1686 dominum
432 1623 655 1685 marchionem
682 1623 921 1686 Peliavicinum
946 1638 977 1686 et
1000 1625 1174 1690 dominum
1196 1625 1235 1690 de
1259 1627 1325 1691 Do-

95 1743 185 1803 varia
207 1756 239 1803 et
262 1741 349 1804 inter
371 1742 456 1803 cives
479 1742 619 1801 Mantue
647 1754 678 1801 et
708 1739 871 1801 Cremone
892 1754 923 1802 et
947 1742 1037 1812 alios,
1056 1743 1094 1805 de
1116 1744 1236 1824 quibus
1260 1745 1326 1806 fue·

95 1860 162 1919 rint
185 1859 220 1920 in
242 1858 434 1933 concordia;
455 1877 552 1939 super
574 1856 695 1938 quibus
718 1857 895 1936 parentalis
918 1857 1073 1919 faciendis
1100 1861 1225 1931 statim,
1247 1881 1324 1924 con·

94 1979 200 2048 tinuo‚
222 1975 430 2056 procedatur.

174 2092 252 2172 [111]
277 2090 470 2171 item,quod
492 2090 620 2151 domini
643 2089 791 2151 marchio
808 2092 951 2153 Estensis
966 2107 996 2152 et
1020 2112 1125 2153 comes
1148 2091 1278 2154 Verone
1293 2107 1324 2154 et

95 2210 296 2270 Communia
321 2208 459 2267 Mantue
481 2220 513 2267 et
537 2205 687 2266 Ferrarie
709 2220 740 2267 et
763 2206 875 2268 Padue
898 2208 1055 2279 habeant,
1074 2222 1206 2269 teneant
1222 2224 1254 2270 et
1279 2209 1326 2271 fo

94 2338 193 2386 veant
214 2344 340 2404 semper
362 2322 671 2382 excellentissimum
702 2322 875 2383 dominum
901 2323 1113 2385 Maniredum
1145 2344 1250 2405 regem
1275 2325 1325 2386 Si-

92 2442 166 2502 cilie
187 2443 220 2501 in
238 2440 381 2501 amicum
404 2453 435 2499 et
459 2438 537 2499 dent
555 2458 687 2518 operam
706 2439 794 2517 quod
807 2438 914 2499 dictus
936 2439 1089 2499 dominus
1104 2440 1171 2500 Rex
1194 2441 1234 2501 ad
1251 2461 1325 2503 con·

92 2558 237 2619 cordiam
261 2577 335 2616 cum
360 2555 500 2616 Ecclesia
526 2555 712 2616 reducatur.

173 2672 248 2750 [lv]
273 2671 464 2750 item,quod
476 2671 603 2730 domini
623 2670 813 2730 Marchioet
832 2670 948 2730 Comes
963 2684 994 2731 et
1011 2669 1210 2733 Communia
1229 2673 1325 2733 Man·

93 2805 158 2860 tue,
181 2789 330 2848 Ferrarie
353 2802 383 2848 et
408 2787 529 2857 Pndue,
553 2789 586 2846 in
610 2801 775 2866 quantum
800 2799 946 2867 possunt,
969 2786 1047 2848 dent
1076 2806 1210 2867 operam
1233 2789 1322 2868 quod

93 2907 244 2966 Comune
259 2919 289 2965 et
302 2904 460 2964 Homines
475 2904 640 2964 Placentia
654 2915 847 2964 conservent
864 2902 1050 2963 dominium
1064 2917 1094 2964 et
1110 2904 1321 2984 privilegium
1368 2909 1370 2913 ’

96 3022 229 3081 honoris
255 3021 535 3080 etoiurisditionis
560 3020 679 3079 collate
708 3021 768 3098 ipsi
801 3019 937 3079 domino
967 3018 1151 3078 marchioni
1184 3019 1325 3081 Pellavi·

92 3141 177 3197 cino,
260 3136 358 3209 Quod
382 3137 407 3194 si
430 3137 598 3195 noluerint
617 3134 718 3195 facere
740 3142 800 3207 (a),
823 3148 1001 3194 tencantur
1018 3134 1077 3215 ipsi
1094 3134 1220 3195 domini
1238 3156 1325 3196 mar-

92 3253 167 3312 chio
191 3252 333 3312 Estensis
364 3265 394 3311 et
428 3271 533 3310 comes
567 3251 694 3310 Verone
727 3263 756 3309 et
792 3249 993 3309 Communia
1016 3250 1172 3329 predicta,
1200 3251 1323 3312 scilicet

96 3371 243 3438 Mantue,
266 3369 413 3428 Ferrarie
447 3387 476 3427 et
508 3367 628 3436 padue,
662 3388 713 3426 eos
748 3368 875 3435 habere,
909 3382 1018 3426 tenere
1042 3381 1072 3426 et
1097 3381 1239 3427 tractare
1264 3387 1323 3447 pro

93 3486 234 3545 inimicis
256 3499 286 3544 et
310 3484 384 3563 ipsis
407 3503 560 3561 guerram
586 3484 698 3552 iacere,
720 3483 804 3541 sicut
829 3483 983 3541 dominus
1020 3482 1163 3542 Libertus
1186 3483 1323 3543 Pellavi·

92 3602 185 3661 cinus
206 3616 237 3660 et
261 3599 446 3659 Commune
470 3598 632 3658 Cremone
655 3599 785 3657 facient.

173 3718 230 3795 [V]
256 3717 347 3785 Item,
360 3716 634 3793 quod‚ricta‚seu
659 3733 790 3792 quoque
814 3714 910 3773 modo
935 3715 983 3774 vei
1008 3734 1080 3773 casu
1105 3728 1255 3794 exempta
1279 3714 1323 3774 ci-

93 3835 195 3893 vitate
218 3833 328 3891 Brixie
351 3831 559 3919 dedominin
593 3830 704 3909 perfidi
741 3829 875 3902 licelini,
909 3830 996 3908 quod
1029 3831 1061 3889 in
1086 3830 1151 3908 ipsa
1186 3829 1324 3891 civitate

96 3949 202 4018 Brixic
217 3949 343 4007 domini
368 3947 515 4006 marchio
539 3948 681 4005 listensis
705 3961 735 4005 et
754 3965 858 4004 comes
876 3945 1003 4004 Verone
1026 3964 1099 4003 cnm
1115 3945 1208 4004 dictis
1224 3943 1324 4004 Com-

93 4065 249 4123 munibus
275 4065 420 4131 Mantue,
446 4062 594 4121 Ferrnrie
624 4076 654 4120 ct
686 4061 797 4119 Padue
828 4075 1004 4120 teneantur
1028 4080 1155 4119 serrare
1183 4060 1242 4138 ipsi
1266 4060 1325 4119 do·

94 4180 183 4239 mino
207 4179 389 4237 nmrchioni
413 4178 614 4237 Peliaricino
638 4192 668 4235 et
695 4177 831 4235 Bosioet
855 4175 1032 4234 Communi
1052 4175 1213 4234 Cremone
1235 4177 1326 4255 quic·

92 4295 171 4373 quid
187 4295 265 4353 Pars
287 4296 466 4352 extrinseca
491 4292 602 4350 Bririe
627 4293 701 4369 ipsis
725 4291 879 4349 concedet
895 4291 940 4362 (b)
958 4290 1096 4358 dominii
1122 4304 1151 4348 et
1177 4289 1326 4362 honoris,

91 4411 133 4468 sic
156 4409 242 4488 qtrod
268 4409 326 4486 ipsi
351 4408 475 4467 domini
509 4407 655 4465 marchio
688 4407 894 4465 Peinricinns
925 4421 954 4465 et
978 4406 1132 4464 dominns
1156 4405 1269 4464 Bosius
1291 4422 1324 4467 et
