2874 4748
65 451 122 528 346
364 469 534 510 nctizrost
557 469 617 509 rar
640 468 768 508 venosa
790 468 810 508 ε
832 466 985 508 ursrova

61 679 157 742 iamei
183 680 311 742 Verone
332 681 583 761 capitaneorum
610 698 812 760 suorumque
845 678 1027 739 amicorum
1061 691 1094 739 et
1125 677 1289 740 Comunis

62 798 88 856 V
92 817 200 871 erone,
213 813 282 860 tam
298 799 337 860 de
352 798 544 868 Veronensi,
566 817 665 878 quam
690 795 836 867 aliunde,
853 795 911 876 qui
928 815 1017 856 nunc
1039 809 1164 856 suntet
1185 797 1288 856 etiarn

61 914 94 974 in
119 913 271 976 futurum
297 915 431 984 suerint,
460 934 520 994 pro
541 915 607 974 suis
628 914 781 983 inimicis,
802 929 834 973 et
855 913 900 973 eis
921 933 957 973 ac
979 913 1145 984 omnibus,
1168 913 1290 992 quibus

62 1029 141 1090 dicti
163 1029 290 1092 domini
313 1030 470 1090 Albertus
491 1043 522 1092 et
546 1029 800 1090 Bartholameus
821 1028 986 1108 capitanei
1009 1028 1138 1089 Verone
1165 1028 1289 1088 velient

61 1162 213 1220 guerram
240 1144 342 1205 iacere
364 1145 414 1204 vel
439 1163 579 1214 movere,
604 1143 723 1248 facient
747 1145 857 1204 vivam
875 1142 1092 1222 guerramad
1108 1161 1240 1202 sensum
1257 1155 1288 1202 et

64 1258 270 1320 voluntatem
295 1258 517 1339 predictorum
540 1258 714 1320 dominum
738 1258 869 1320 Alberti
890 1272 922 1319 et
945 1257 1172 1318 Barthoiamei
1203 1257 1290 1337 capi·

63 1391 238 1439 tantorum
262 1377 389 1438 Verone
410 1392 442 1438 et
465 1377 647 1438 amicorum
668 1395 803 1437 suorum
828 1377 1050 1457 predictorum
1072 1388 1105 1438 et
1126 1375 1290 1436 Comunis

65 1491 204 1564 Veroue,
227 1493 482 1572 ubicumque,in
505 1493 661 1554 omnibus
684 1493 760 1553 locis
782 1508 813 1554 et
836 1494 940 1565 terris,
955 1512 1011 1574 per
1032 1507 1157 1553 terram
1178 1505 1210 1552 et
1233 1509 1289 1572 per

64 1625 195 1688 aquam,
219 1626 276 1669 nec
298 1627 371 1668 cum
394 1607 438 1668 eis
460 1607 499 1668 ad
524 1627 633 1687 pacem
659 1608 709 1668 vel
733 1621 895 1687 treguam,
927 1611 1113 1689 pactionem
1135 1627 1190 1669 seu
1213 1627 1289 1668 con-

65 1724 251 1786 ventionem
269 1723 427 1804 aliquam,
441 1743 495 1785 seu
512 1743 722 1804 quocumque
738 1725 871 1786 nomine
887 1739 1069 1795 censeatur,
1086 1723 1287 1804 pervenient,

63 1857 118 1899 seu
134 1857 244 1918 pacem
261 1838 311 1898 vel
327 1851 489 1918 treguam,
506 1839 691 1918 pactionem
717 1839 765 1899 vel
788 1840 1043 1901 conventionem
1062 1840 1218 1920 aliquam,
1232 1855 1286 1898 seu

64 1974 272 2035 quocumque
289 1957 421 2017 nomine
435 1970 615 2026 censeatur,
639 1956 769 2027 facient,
784 1956 852 2016 sine
869 1956 1042 2018 voluntate
1064 1955 1285 2038 predictorum

64 2072 275 2132 dominorum
300 2071 429 2132 Alberti
452 2085 482 2131 et
508 2070 732 2133 Bartholamei
748 2072 998 2152 capitaneorum
1022 2071 1197 2133 Veroneet
1212 2069 1289 2131 ami·

65 2207 179 2248 corum
203 2207 338 2248 suorum
363 2186 587 2266 predictorum
616 2202 647 2248 et
670 2186 831 2248 Comunis
854 2187 993 2275 Verone.
1116 2187 1191 2265 [tv]
1214 2187 1289 2246 Ete

65 2323 232 2373 converso,
249 2303 336 2383 quod
354 2303 521 2383 predictus
535 2303 690 2365 dominus
704 2303 957 2365 Bartholameus
971 2318 1001 2365 et
1016 2305 1124 2365 dictus
1137 2304 1291 2364 dominus

66 2419 219 2480 Nicolaus
240 2419 383 2480 sindicus
404 2433 435 2480 et
459 2435 653 2498 procurator
676 2435 706 2480 et
728 2420 906 2480 sindicario
927 2435 958 2480 et
982 2419 1210 2500 procuratorio
1233 2437 1290 2478 no-

66 2537 162 2606 rnine,
185 2556 252 2616 quo
272 2556 381 2616 supra,
397 2549 433 2597 ‘et
458 2535 609 2596 Comune
633 2536 771 2607 Verone‚
794 2555 853 2616 pro
867 2556 898 2596 se
914 2550 945 2596 et
960 2535 1205 2597 eorum-amicis
1219 2554 1290 2616 pre·

64 2655 168 2724 dictis,
191 2654 373 2723 habebunt,
394 2655 556 2714 tenebunt
579 2667 609 2713 et
633 2653 826 2713 tractabunt
856 2668 1015 2734 perpetuo
1044 2653 1194 2714 inimicos
1220 2671 1291 2733 pre-

65 2771 143 2831 dicti
159 2770 284 2831 domini
303 2771 467 2832 Guidonis
479 2770 558 2831 dicti
575 2770 739 2831 Botcxelle
751 2771 914 2850 capitanei
933 2773 1070 2833 Mantue
1088 2789 1290 2850 suorumque

65 2887 245 2947 amicorum
272 2901 303 2946 et
332 2886 494 2947 Comunis
518 2887 664 2957 Mantue,
695 2901 762 2946 tam
786 2887 824 2948 de
848 2887 1000 2958 Mantua,
1022 2906 1122 2968 quarn
1145 2885 1290 2957 aliunde,

65 3004 121 3082 qui
145 3022 233 3063 nurtc
255 3016 331 3063 sunt
354 3018 385 3063 et
410 3006 440 3062 in
468 3004 619 3064 futurum
645 3004 778 3073 inerint,
804 3023 863 3084 pro
880 3004 945 3064 suis
968 3003 1119 3073 inimicis,
1141 3015 1172 3064 et
1194 3003 1238 3062 eis
1254 3022 1289 3062 ac

65 3119 219 3179 omnibus
240 3119 361 3198 quibus
382 3119 488 3180 dictus
521 3119 675 3180 dominus
699 3120 810 3179 Guido
832 3120 939 3180 dictus
973 3118 1140 3180 Botexella
1166 3117 1292 3198 capita·

67 3255 146 3295 neus
169 3236 306 3296 Mantue
340 3237 435 3297 vellet
470 3255 622 3316 guerram
659 3237 760 3296 facere
784 3237 832 3297 vei
857 3256 997 3306 movere,
1033 3235 1154 3296 facient
1176 3234 1289 3294 vivam

65 3372 228 3430 guerram,
241 3353 281 3412 ad
302 3373 431 3412 sensum
449 3369 479 3413 et
497 3355 702 3414 voluntatem
729 3354 864 3433 predicti
881 3354 1007 3443 domini
1032 3351 1197 3413 Guidonis
1211 3349 1291 3410 dicti

69 3467 231 3528 Botexeile
252 3469 416 3546 capitanei
441 3468 577 3528 Mantue
599 3483 628 3527 et
653 3469 835 3528 amicorum
859 3488 995 3528 suorum
1019 3467 1242 3544 predictorum
1261 3479 1291 3527 et

66 3584 227 3644 Comunis
240 3584 387 3653 Mantue,
401 3584 609 3662 ubicumque,
623 3585 655 3644 in
670 3586 824 3643 omuibus
840 3584 917 3643 locis
932 3598 961 3643 et
979 3583 1083 3653 terris,
1097 3602 1151 3664 per
1167 3596 1290 3643 terram

65 3717 95 3760 et
120 3721 175 3780 per
198 3720 330 3780 aquam,
354 3719 409 3760 nec
431 3701 531 3760 etiam
554 3701 597 3761 eis
621 3701 659 3759 ad
685 3720 807 3780 pacem,
840 3702 888 3760 vel
913 3714 1075 3781 treguam,
1097 3698 1147 3758 vel
1171 3700 1294 3778 pactio·

68 3837 151 3885 nem,
163 3836 216 3876 seu
229 3817 481 3876 conventionem
499 3817 657 3894 aliquam,
672 3837 726 3876 seu
740 3835 948 3896 quocumque
967 3815 1099 3876 nomine
1112 3825 1293 3882 censeatur,

68 3933 268 4010 pervenient,
290 3952 344 3992 seu
365 3951 486 4011 pacem,
511 3933 559 3992 vei
576 3946 736 4012 treguam,
753 3931 937 4011 pactionem
961 3951 1015 3991 seu
1039 3929 1291 3990 conventionem

67 4049 224 4126 aiitprarn,
238 4068 292 4108 seu
311 4068 520 4128 quocumque
538 4051 670 4110 nominc
685 4065 864 4118 censeatur,
883 4049 1012 4118 facient,
1027 4047 1095 4108 sine
1119 4046 1293 4107 voluntate

69 4164 202 4241 predicti
222 4165 347 4224 domini
366 4166 530 4224 Guidonis
548 4166 624 4226 dicti
646 4166 820 4235 Botexelle,
833 4165 996 4245 capitanei
1021 4164 1158 4224 Mantue
1173 4175 1204 4224 et
1217 4163 1294 4223 ami-

66 4301 177 4339 corum
202 4302 335 4340 suorum
362 4282 584 4360 predictorum
609 4297 639 4340 et
663 4281 824 4341 Comunis
849 4281 995 4340 Mantue.
1129 4277 1188 4358 [V]
1213 4277 1292 4338 Item

66 4396 154 4473 quod
177 4417 289 4456 onmes
310 4414 340 4456 et
363 4398 484 4474 singuli
504 4398 643 4464 banniti,
661 4417 720 4475 pro
737 4410 828 4474 parte
845 4397 894 4455 rei
915 4395 1111 4476 proditione,
1133 4393 1296 4455 Comunis

70 4513 216 4580 Mantue,
239 4527 269 4572 et
293 4515 391 4572 etiarn
410 4514 465 4590 qui
484 4515 520 4572 de
545 4527 650 4572 cetero
667 4524 715 4584 (tr)
734 4513 954 4571 iutrruirentur
978 4530 1038 4590 pro
1059 4524 1152 4591 parte
1174 4524 1206 4572 et
1223 4529 1296 4591 pro·
