2834 4792
875 440 880 450 ’
951 431 1023 473 DOC.
1049 432 1056 472 l
1071 432 1078 471 :

443 649 839 727 xatasiveextimatau).
916 646 1038 708 Sivero

445 769 486 830 de
509 765 689 830 mobilibus
710 765 865 828 creditori
891 762 1039 826 satisfieri

447 905 517 948 non
536 859 730 968 poterif(b),
746 903 814 946 rem
834 882 1038 945 immobilem

447 1002 595 1084 accipere
612 1001 730 1064 faciam
746 999 926 1062 secundum
951 998 1040 1081 quod

447 1118 611 1180 extimata
636 1116 736 1180 fuerit
753 1136 809 1198 per
823 1117 907 1189 illos,
921 1116 978 1197 qui
995 1114 1042 1176 iu·

447 1235 647 1308 dicaverint,
667 1249 699 1297 et
728 1233 980 1296 extimationem
1004 1232 1042 1294 il-

449 1349 515 1410 lius
531 1350 576 1412 rei
598 1350 685 1412 dabo
700 1350 751 1411 vel
774 1349 852 1411 dare
871 1349 988 1410 faciam
1003 1347 1042 1411 de

449 1466 620 1528 communi
654 1465 783 1528 Verone
818 1465 974 1528 creditori
1007 1465 1041 1527 in

449 1583 611 1655 solutum,
625 1583 671 1644 ita
689 1597 726 1645 ut
741 1581 885 1644 creditor
907 1583 973 1644 tale
993 1582 1044 1643 ius

453 1702 575 1764 lrabeat
591 1704 625 1763 in
641 1702 735 1764 bonis
755 1701 924 1773 debitoris,
946 1702 1044 1783 quale

450 1815 633 1878 secundum
648 1818 731 1899 leges
744 1817 1043 1899 habebattempore

450 1930 667 2012 obligationis
693 1945 872 2004 contracte,
899 1953 964 1995 non
988 1935 1045 1995 ob-

450 2062 562 2111 stante
587 2050 700 2130 aliqua
733 2050 933 2114 alienatione
956 2051 1043 2114 lacta

452 2167 930 2250 percommuneveldivisum.
1013 2183 1044 2230 et

453 2281 517 2346 hoc
539 2284 723 2365 capitulum
753 2297 887 2346 tantum
918 2284 952 2346 in
976 2305 1046 2366 pre·

453 2399 686 2464 dictisdebitis
708 2401 928 2482 intelligatur.
1011 2402 1045 2463 Si

455 2518 583 2579 verode
596 2517 689 2580 bonis
700 2517 857 2580 debitoris
869 2519 1046 2581 mobilibus

454 2636 509 2698 vel
532 2635 759 2697 immobilibus
780 2635 934 2696 creditori
957 2635 1047 2697 satis·

454 2748 528 2811 fieri
552 2769 617 2812 non
642 2765 745 2832 posset
769 2752 802 2813 in
827 2765 948 2822 totum,
969 2769 1043 2812 eum

455 2865 671 2928 forbanniam
702 2868 752 2928 vel
784 2867 976 2928 forbannire
1003 2867 1047 2928 f-

453 2981 555 3052 ciam,
589 2998 619 3044 et
655 2984 694 3045 de
730 2999 870 3066 treugua
908 2984 1048 3056 Verone,

454 3113 546 3160 terra
578 3110 610 3159 et
642 3098 795 3161 districtu
819 3100 947 3161 Verone
971 3118 1046 3160 eum

453 3214 585 3285 eiciam,
602 3234 659 3276 nec
680 3236 755 3278 eum
773 3217 807 3277 in
824 3230 961 3300 treugua
988 3218 1048 3278 Ve-

454 3351 539 3394 rone
561 3333 719 3413 accipiam
749 3333 902 3416 amplius,
933 3335 1046 3396 necin

454 3446 611 3509 districtu
648 3447 777 3510 Verone
815 3450 939 3510 morari
972 3470 1046 3511 eum

453 3561 597 3622 scienter
631 3563 836 3643 permittam,
873 3565 934 3625 nisi
971 3579 1048 3627 ante

456 3676 1046 3747 Mantuanissatisfecerit,velsccum

455 3792 719 3855 concordaverit.

543 3905 701 3970 ltemnon
714 3910 833 3972 ducam
850 3912 899 3972 vel
916 3914 1048 3975 traham

452 4025 559 4086 salem
589 4045 606 4086 a
637 4027 776 4090 Mantua
800 4049 897 4110 supra
922 4050 977 4111 per
1001 4032 1049 4093 di-

451 4141 612 4203 strictum
629 4143 778 4218 Mantue,
794 4165 849 4227 per
863 4162 984 4209 terram
999 4150 1049 4210 vel

452 4275 594 4338 aquam,
625 4273 656 4321 et
690 4262 837 4341 predicta
860 4265 972 4326 omnia
996 4266 1048 4326 ob·

452 4373 609 4448 servab0,
631 4376 690 4439 hoc
714 4379 881 4442 intellecto
896 4395 927 4443 et
949 4385 1049 4444 nomi·

512 4593 550 4646 (α)
564 4597 583 4635 Α
598 4599 707 4648 extimata,
723 4600 742 4638 B
756 4602 893 4641 extimatione
947 4602 980 4654 (Λ)
995 4607 1012 4643 Α
1029 4616 1093 4656 pitter
