2858 4792
68 437 122 499 158
368 457 539 497 antrzronr
563 458 621 497 rna
646 458 773 498 venosi
798 459 815 498 n
839 459 989 514 nssrotjr

65 689 166 750 penso
189 669 338 740 consilio
363 670 424 729 sibi
446 683 477 729 et
500 668 585 729 dicte
606 688 662 730 sue
684 672 799 729 eccesie
817 683 848 731 et
866 671 961 730 rebus
983 670 1155 751 providere
1170 689 1200 733 et
1217 692 1294 733 con-

62 788 177 857 sulere,
206 798 371 866 quantum
396 801 441 847 est
464 807 502 847 ex
527 786 673 847 humana
707 787 906 858 coniectura,
939 806 995 868 per
1025 789 1164 849 anulum
1191 809 1290 869 quem

63 901 196 962 tenebat
218 901 253 961 in
275 901 430 961 manibus
463 900 776 962 Bonaventurinum
807 901 974 963 notarium
1000 903 1139 963 condam
1162 902 1292 963 domini

64 1016 172 1088 Ducis,
194 1017 233 1077 de
256 1017 408 1088 Mantua,
424 1032 671 1097 procuratorem
688 1018 825 1098 predicti
848 1018 975 1079 domini
1001 1018 1129 1079 loanini
1152 1017 1210 1099 filij
1234 1018 1292 1078 do-

64 1133 144 1193 mini
168 1132 377 1194 Pinamontis
399 1133 437 1193 de
461 1134 611 1203 Mantua,
634 1136 862 1213 procuratorio
886 1134 1019 1195 nomine
1042 1153 1101 1215 pro
1118 1154 1156 1195 eo
1178 1135 1217 1195 ad
1242 1134 1292 1194 in-

64 1249 236 1329 frascripta
257 1249 441 1329 specialiter
457 1249 688 1318 constitutum,
706 1263 741 1310 ut
757 1263 846 1330 patet
869 1270 923 1330 per
947 1250 1207 1311 instrumentum
1231 1269 1292 1331 pu-

64 1365 186 1426 blicum
210 1365 430 1445 procuratorii
456 1365 577 1426 factum
595 1385 695 1425 nranu
712 1380 743 1426 et
762 1367 930 1446 subsigno
953 1380 984 1426 et
1007 1366 1141 1428 nomine
1158 1367 1290 1446 Agnelli

65 1480 185 1540 notarii
215 1480 342 1540 domini
372 1480 448 1541 Acti
471 1481 509 1540 de
532 1478 724 1551 CastelariO,
756 1481 807 1542 die
842 1481 993 1561 mercurij
1017 1496 1108 1542 sexto
1140 1481 1292 1542 intrante

62 1597 225 1667 octubri0,
257 1597 290 1657 in
316 1596 490 1657 Millesimo
523 1596 744 1676 infrascripto
774 1598 983 1678 recipientem
1011 1600 1144 1658 nomine
1166 1612 1197 1657 et
1220 1597 1291 1656 vice

63 1713 141 1773 dicti
165 1712 291 1772 domini
317 1711 445 1772 loanini
462 1725 492 1772 et
511 1731 646 1771 suorum
666 1711 835 1782 heredum,
851 1712 1031 1782 investivit,
1047 1731 1083 1771 ex
1100 1711 1204 1771 causis
1220 1731 1292 1792 pre-

62 1829 157 1890 dictis
178 1844 209 1890 et
233 1828 451 1908 infrascriptis
471 1844 502 1889 et
527 1828 597 1888 iure
629 1828 839 1889 del'enssionis
868 1843 898 1889 et
928 1828 1157 1888 advocacionis
1189 1842 1290 1907 atque

62 1946 274 2008 concessionis
295 1961 326 2006 et
349 1945 547 2014 collacionis,
570 1944 723 2025 predictis
745 1944 783 2004 de
805 1944 908 2004 causis
930 1960 961 2004 et
984 1943 1056 2003 aliis
1078 1942 1215 2003 inferius
1237 1942 1292 2002 de·

64 2063 253 2132 nominatis,
270 2061 468 2154 nominatim
483 2061 520 2121 de
534 2060 751 2141 infrascriptis
765 2061 866 2130 bonis,
880 2061 974 2120 terris
985 2073 1015 2120 et
1030 2059 1292 2139 possessionibus,

62 2180 194 2240 decimis
216 2193 247 2239 et
270 2180 370 2256 alilils
393 2178 521 2237 iuribus
552 2191 583 2237 et
614 2178 801 2237 rationibus
822 2176 1047 2256 spectantibus
1071 2189 1100 2235 et
1125 2175 1293 2255 pertinen-

62 2297 150 2357 tibus
171 2297 230 2355 sibi
255 2308 285 2355 et
309 2296 394 2355 dicte
417 2295 545 2355 ecclesie
561 2293 594 2352 in
614 2292 830 2372 infrascriptis
847 2291 951 2362 terris,
969 2291 1061 2349 bonis
1076 2304 1106 2350 et
1125 2290 1292 2369 possessio-

63 2413 168 2474 nibus.
251 2415 342 2474 Bona
366 2428 488 2481 autem,
511 2425 595 2473 terre
618 2428 648 2473 et
673 2415 880 2491 possessiones
895 2426 972 2472 sunt
989 2414 1056 2481 hec,
1139 2412 1291 2472 videlicet

62 2531 99 2592 de
124 2552 188 2591 una
213 2532 300 2611 pecia
326 2546 411 2590 terre
434 2533 577 2589 oratorie
593 2530 718 2589 iacente
742 2529 774 2588 in
799 2529 889 2588 curia
905 2543 936 2589 et
954 2530 1155 2609 pertinencia
1179 2528 1293 2588 Caste-

61 2649 133 2726 larij
157 2664 188 2709 et
205 2649 237 2707 in
261 2648 371 2707 lnsulo
389 2662 420 2707 et
439 2647 551 2706 Monte
569 2647 707 2716 CucuIO,
730 2646 762 2705 in
781 2647 851 2704 loco
875 2647 930 2705 ubi
953 2646 1075 2705 dicitur
1099 2645 1293 2715 Pancas010,

62 2780 92 2825 et
116 2779 221 2844 potest
244 2783 307 2823 esse
328 2784 380 2822 sex
398 2762 515 2841 campi,
532 2782 627 2841 penes
642 2762 773 2820 heredes
791 2760 916 2820 domini
941 2761 1074 2821 Avenni
1096 2761 1134 2820 de
1159 2779 1225 2819 uno
1245 2759 1293 2819 la-

62 2897 139 2952 tere,
162 2895 191 2939 et
215 2878 388 2938 dominum
413 2878 644 2936 Pinamontem
668 2877 735 2935 sive
764 2876 889 2935 curiam
914 2881 963 2949 (a)
985 2891 1015 2935 et
1040 2876 1115 2942 aliu,
1145 2889 1175 2934 et
1200 2874 1290 2933 viam

61 3016 246 3064 comunem,
269 3015 331 3073 que
354 2995 444 3052 radit
469 2995 500 3052 in
528 2992 716 3072 Ponconigo
731 3001 776 3066 (r)
800 3013 816 3050 n
840 3007 971 3070 quarto,
1058 2991 1137 3050 ltem
1161 2990 1198 3048 de
1221 3009 1291 3049 una

61 3113 148 3193 pecia
185 3127 269 3172 terre
302 3112 457 3179 oratorie,
492 3111 621 3170 rineate
643 3124 674 3169 et
699 3109 836 3188 prative,
860 3108 1008 3168 circasr
1036 3125 1229 3187 catmporum
1255 3105 1290 3165 in

64 3229 240 3289 Molinellis
263 3234 309 3300 (2)
334 3249 428 3306 penes
444 3229 598 3286 Essevum
625 3227 665 3284 ab
690 3246 755 3284 uno
777 3225 823 3303 (l)
847 3226 957 3289 latere,
980 3225 1099 3283 etium
1123 3223 1201 3282 dicti
1226 3243 1293 3284 mo·

63 3346 194 3421 nasterij
210 3367 225 3403 a
240 3345 391 3413 secundo
405 3360 434 3404 et
461 3345 545 3403 tiam
571 3364 634 3421 qua
662 3343 728 3401 itur
755 3342 950 3401 illoraticam
972 3361 988 3399 a
1011 3340 1121 3399 tercia.
1206 3339 1291 3398 ltem

63 3464 100 3522 de
116 3483 161 3520 ·r·
180 3461 267 3540 petia
286 3475 370 3520 terre
388 3460 529 3518 oratorie
547 3475 575 3518 et
594 3459 758 3537 palamve,
781 3458 864 3516 circa
883 3475 940 3514 ·u·
967 3474 1171 3535 camporum,
1195 3474 1294 3534 penes

62 3580 152 3637 illam
177 3578 214 3636 de
240 3576 424 3635 llulinellis
447 3590 476 3635 et
502 3595 596 3652 penes
618 3574 744 3632 dictum
761 3574 907 3632 canalem
932 3570 1026 3630 Eseri
1051 3592 1065 3629 a
1090 3569 1242 3638 secund0,
1259 3586 1292 3630 et

63 3696 185 3775 signali
211 3692 433 3754 Montiscuclri
457 3711 472 3749 a
498 3691 598 3749 tercio
621 3703 650 3748 et
675 3691 761 3747 riam
786 3709 802 3747 a
827 3702 958 3766 quarto.
1057 3687 1136 3744 ltem
1159 3685 1197 3745 de
1222 3705 1290 3746 una

175 3826 185 3848 r
243 3833 258 3848 n
283 3809 423 3848 mem-in
467 3806 547 3849 ciri-r
587 3827 631 3848 ιιιι
667 3824 857 3848 nummorum
895 3804 925 3848 in
950 3803 1093 3848 erirtilurc
1119 3821 1213 3848 nonna
1235 3820 1294 3848 crr-
