2856 4808
623 446 693 488 noe.
717 448 825 489 ixvrr:
853 447 927 510 ¹299
1334 427 1389 510 375

242 655 289 730 (S.
312 656 367 730 T.)
390 658 459 738 Ego
482 657 643 719 Vivaldus
675 659 844 739 quondam
874 660 1002 722 domini
1032 661 1206 723 Graciadei
1229 661 1312 723 sacri
1335 681 1391 743 pa-

164 770 236 850 lacij
262 771 421 843 notarius,
444 771 504 832 boc
527 772 763 854 transcriptum
788 774 829 834 ab
844 775 1014 836 autentico
1036 775 1183 856 predicto
1197 775 1319 857 scripto
1334 794 1390 856 per

161 887 336 948 dominum
361 886 542 948 Iohannem
565 887 604 948 de
627 887 767 966 Dulceto
790 890 969 961 notarium,
990 905 1162 972 sumptum
1184 910 1240 972 per
1263 890 1344 952 dicti

166 1002 392 1064 Rolandiuum
426 1005 605 1074 notarium,
635 1024 700 1064 una
724 1023 798 1066 cum
823 1006 892 1087 ipso
919 1005 1108 1068 Rolandino
1130 1021 1161 1068 et
1185 1005 1352 1072 Froalerin

165 1118 375 1190 Adhelberi0‚
397 1119 558 1180 Anselisio
575 1132 606 1180 et
623 1119 716 1180 Bono
731 1119 954 1181 tabelionibus
975 1121 1175 1203 subscriptis,
1188 1141 1224 1183 co

163 1234 267 1296 sentia
287 1234 492 1315 prefatorum
515 1235 728 1296 dominorum
752 1234 926 1297 Guilielmi
941 1235 981 1297 de
1004 1235 1124 1297 ΜειΙειΗε

166 1351 323 1422 iudicum,
351 1350 530 1422 insinuavi,
563 1351 698 1432 inspexi,
725 1352 845 1433 perlegi
874 1366 905 1413 et
935 1353 1072 1413 auscultr

165 1468 241 1548 quia
265 1483 446 1549 utrumque
468 1468 501 1529 iu
524 1468 679 1528 omnibus
694 1481 725 1529 et
740 1487 796 1548 per
812 1468 924 1529 omnia
947 1468 1090 1549 comperi
1117 1495 1204 1528 canu

164 1584 288 1656 additu,
310 1585 466 1654 detracto,
482 1585 532 1646 vel
549 1584 688 1654 variata,
703 1583 792 1665 quod
814 1584 1034 1645 substantiam
1051 1584 1144 1645 veri*¹

165 1701 331 1771 immutet,
351 1701 481 1762 decreto
509 1714 539 1760 et
570 1701 768 1760 auctoritate
790 1699 933 1760 obtentis
963 1720 980 1760 a
1009 1699 1105 1761 dictis

165 1816 275 1877 lielmo
297 1830 328 1877 et
351 1815 486 1886 Parisio,
514 1830 550 1876 ut
574 1827 663 1896 putet
686 1815 909 1876 instrumento
931 1815 1053 1896 scripto
1075 1835 1131 1896 per
1154 1823 1172 1876 d

164 1948 274 2015 getum
300 1934 480 2004 notarium,
501 1933 553 1994 die
576 1933 654 1994 lune
676 1931 822 2014 predicta
846 1946 876 1994 et
903 1933 1109 2014 presentibus

166 2051 325 2112 milesimo
347 2063 378 2111 et
401 2049 565 2111 inditione
588 2048 751 2131 predictis,
775 2067 825 2110 me
847 2067 922 2109 cum
945 2068 1018 2110 meo
1039 2049 1133 2130 siguo

252 2295 407 2375 t'engono
426 2293 533 2372 pnite
554 2290 719 2374 consorini
740 2291 986 2373 sottoscrizioni
1008 2290 1062 2352 dei
1078 2309 1144 2372 sagr

249 2474 262 2502 «
281 2446 494 2528 Froglerinus
516 2445 554 2506 de
576 2445 601 2505 F
605 2445 763 2526 roglerijs,
783 2445 865 2506 sacri
893 2444 1010 2526 palacij
1035 2446 1140 2506 notari

168 2561 275 2622 berius
297 2561 336 2622 de
358 2560 551 2630 Adetberiis,
574 2560 655 2620 sacri
679 2559 796 2640 palacii
820 2560 1014 2631 notarius»,
1041 2563 1096 2619 «A

168 2679 292 2760 Nicolaj
316 2679 355 2740 de
378 2677 556 2757 Anselisijs,
583 2677 667 2738 sacri
697 2677 814 2758 palacij
846 2678 1027 2739 notarius»
1058 2703 1071 2732 r

166 2796 292 2857 domini
316 2794 514 2857 Bertolamei
537 2794 576 2854 de
599 2795 753 2865 Axendis,
774 2795 857 2854 sacri
880 2793 995 2874 palacii
1021 2812 1063 2854 no

249 3019 309 3080 Sut
330 3038 443 3080 verso:
540 3015 688 3076 Licentia
715 3015 793 3076 data
820 3015 1007 3076 Rolauciiua
1032 3017 1064 3078 dt

165 3139 354 3215 exemplare
375 3144 465 3195 certa
488 3134 634 3212 capitula
658 3134 842 3192 testamenti
862 3133 987 3193 conditi
997 3152 1059 3214 pet·

165 3254 312 3313 ahionem
335 3252 511 3320 Ferraria,
535 3249 703 3327 facientia
720 3269 786 3328 pru
809 3249 839 3310 d.
866 3250 1065 3310 Cattstancia

167 3368 292 3429 <tatuini
313 3368 493 3438 Botcxelle,
517 3378 575 3427 etc.

246 3589 325 3651 Item
347 3591 497 3669 exempla
519 3588 681 3649 dictorum
709 3587 935 3667 Capitulor·um
955 3587 1136 3667 spectancia

168 3705 262 3776 mine,
285 3706 434 3766 videlicet
453 3705 568 3765 circha
591 3706 736 3780 legatum
760 3703 861 3763 eidem
884 3703 1013 3765 <taurina
1036 3702 1136 3784 factu

166 3822 333 3883 dominum
358 3823 596 3883 mariamnem.
