2858 4792
63 480 119 540 156
362 499 533 540 nerlzrosr
558 499 616 538 rna
641 497 769 539 retroni
792 498 811 538 a
833 496 987 537 unurovn

140 711 350 774 presentibus
378 711 523 774 dominis
551 711 729 794 Raynaldo
757 712 796 772 de
826 710 922 793 Ripa,
952 710 1098 792 Ugolino
1121 709 1229 772 iudice
1256 712 1296 772 de

60 829 147 906 Pieo,
170 829 405 890 Bonaventura
430 831 563 890 notario
583 829 623 890 de
646 829 872 899 Scardevellis,
895 826 1040 890 Girardo
1067 827 1208 889 condam
1236 827 1297 888 do·

59 946 140 1007 mini
166 944 312 1007 Guaschi
335 961 367 1007 et
391 945 497 1007 Gotto
520 965 659 1026 precone
679 961 711 1007 et
734 946 808 1006 aliis
822 959 860 1006 ut
877 963 945 1006 mos
958 959 1005 1006 est
1020 950 1066 1018 (c)
1084 944 1291 1025 generalium

59 1061 273 1123 consiliorum
297 1061 493 1122 Communis
516 1062 666 1123 Mantue.

141 1247 292 1308 Adiectio
309 1246 394 1308 lacta
412 1266 468 1328 per
485 1244 672 1308 Commune
688 1246 828 1319 Verone,
840 1246 873 1308 in
888 1245 1037 1307 Consilio
1053 1244 1208 1308 Generali
1225 1265 1294 1328 pre·

58 1363 144 1424 dicte
166 1362 315 1444 proxime
338 1362 567 1424 reformationi
592 1361 741 1441 Consilii.

143 1479 213 1541 Hoc
235 1480 367 1561 quidem
391 1479 505 1541 addito
527 1492 557 1541 et
580 1499 725 1562 expresse
748 1474 836 1540 dieto
858 1479 946 1560 quod
966 1499 1033 1541 non
1055 1478 1294 1561 intelligat[ur]

60 1616 115 1676 per
140 1597 199 1657 hoc
222 1598 273 1658 ius
293 1596 409 1658 debere
431 1595 500 1658 lieri
529 1598 578 1659 vel
609 1597 700 1658 reddi
722 1597 876 1657 subiectis
899 1597 1073 1676 utriusque
1095 1594 1294 1657 Communis

61 1714 112 1774 vel
136 1713 272 1776 alterius
295 1714 452 1794 ipsorum,
476 1733 533 1775 nec
555 1733 669 1775 eorum
682 1711 864 1785 ‘heredum
893 1733 950 1774 nec
979 1713 1147 1793 aliquibus
1172 1712 1297 1793 quibus

59 1827 210 1889 dederint
227 1828 276 1887 vel
293 1825 513 1898 vendiderint,
524 1847 579 1888 seu
595 1827 817 1888 alienaverint
829 1847 884 1888 seu
901 1826 1064 1888 actionem
1080 1840 1112 1888 et
1129 1826 1294 1886 rationem

60 1943 210 2006 dederint
233 1944 268 2004 in
290 1944 356 2003 suis
380 1944 473 2003 bonis
495 1957 526 2004 et
550 1943 814 2025 possessionibus.

113 2151 150 2203 (a)
165 2151 183 2189 A
199 2152 265 2189 moris

609 2451 744 2514 xltll.

131 2673 248 2740 Questo
269 2675 455 2728 documento
478 2674 569 2727 inizia
590 2674 618 2728 la
637 2675 718 2729 serie
737 2675 818 2730 delle
837 2675 1044 2730 inl'eudazioni
1065 2691 1211 2729 concesse
1231 2675 1299 2729 dal-

60 2779 216 2834 l’abbazia
234 2780 263 2833 di
287 2781 316 2834 S.
338 2781 422 2834 Zeno
443 2781 504 2834 alla
525 2781 662 2850 l'amiglia
681 2781 731 2835 dei
752 2781 966 2848 Bonaeeolsi‚i
987 2781 1070 2853 quali
1091 2786 1154 2836 cosi
1175 2781 1298 2836 diveni-

59 2903 139 2940 vano
158 2890 290 2940 (reuocati
315 2887 475 2954 abbaziali,
503 2886 740 2943 limitatamente
766 2890 804 2942 ad
831 2889 932 2942 alcuni
962 2889 1107 2959 possessi.
1128 2888 1162 2942 ln
1182 2898 1295 2965 questo

59 3008 129 3044 caso
144 2992 168 3043 si
186 3001 278 3045 tratta
290 2991 320 3045 di
336 2994 406 3046 boni
422 2994 526 3047 situati
541 2993 590 3046 nel
612 2994 769 3047 territorio
790 2995 820 3046 <li
841 2993 1011 3048 Castellaro
1031 2994 1144 3066 [Cnstel
1159 2993 1295 3077 d'Ardol.

131 3083 153 3150 l]
173 3098 285 3167 meglio
306 3099 427 3154 ril'crire
447 3099 498 3153 dal
519 3100 626 3166 Ltrrn,
656 3099 809 3169 Farniglio
830 3099 1011 3162 Bonoccolsi,
1042 3109 1100 3154 lav,
1122 3099 1230 3166 unica,
1249 3099 1294 3153 al-

59 3205 129 3257 cuni
150 3206 232 3258 nomi
255 3226 271 3260 e
291 3207 400 3260 aleuue
422 3207 534 3261 notizie
550 3208 606 3259 elie
627 3225 758 3261 serrano
785 3207 822 3261 ad
852 3207 1026 3275 orientarci,
1049 3225 1104 3278 per
1128 3209 1294 3262 intendere

59 3312 108 3381 poi
131 3313 161 3366 la
181 3313 307 3382 politica
328 3315 406 3381 degli
430 3314 578 3384 Scaligeri
602 3335 618 3368 e
640 3314 687 3368 dei
711 3314 908 3371 liottaerolsi:

416 3493 603 3597 Plunlpoxm
621 3498 635 3544 †
653 3508 700 3540 1203
714 3469 722 3482 ⁶
