2850 4776
99 503 158 544 210
408 500 577 542 urrizmnr
601 501 661 541 rm
684 501 813 540 veroni
838 500 855 539 r
880 460 1030 539 mxr'ovi

101 735 186 787 rum,
198 715 291 797 quasi
307 715 428 776 directe
438 735 445 788 ;
461 737 477 776 a
491 715 579 776 dieta
594 734 670 775 cero
683 716 734 774 via
749 713 992 793 Brognolorum
1009 711 1152 774 tendunt
1167 711 1205 772 ad
1219 731 1331 792 quem·

100 832 176 892 dam
200 830 386 891 Curubium
410 850 511 911 prope
536 830 779 891 Roveredulum
808 847 825 889 a
850 847 956 898 mane,
977 842 1008 889 et
1032 827 1071 887 de
1087 827 1145 888 illo
1165 828 1333 889 Carrubio

100 949 140 1010 ad
164 949 264 1017 viam,
286 967 350 1027 que
372 946 494 1007 dicitur
512 946 563 1006 via
588 945 759 1015 Montorii‚
777 958 809 1005 et
826 943 901 1005 inde
917 943 1039 1005 directe
1062 963 1118 1024 per
1134 944 1224 1005 illam
1243 943 1331 1004 viam

98 1079 129 1126 et
152 1064 190 1125 de
213 1064 270 1124 illa
293 1076 415 1124 exeunt
439 1062 472 1122 in
490 1063 589 1122 aliam
608 1062 706 1131 viam,
722 1081 785 1141 que
800 1059 922 1121 dicitur
946 1059 999 1120 via
1023 1059 1210 1129 Cornalini‚
1226 1074 1256 1121 et
1273 1079 1332 1140 per

99 1182 191 1242 illam
215 1183 304 1241 viam
327 1178 503 1240 Cornalini
533 1179 677 1239 tendunt
700 1195 803 1257 usque
826 1179 859 1236 in
884 1176 1053 1246 fossatum,
1080 1176 1168 1255 quod
1191 1190 1332 1237 evacuat

98 1297 332 1365 Cornalinum‚
354 1309 385 1356 et
408 1295 487 1355 dicit
511 1294 618 1355 dictus
641 1294 731 1354 testis
759 1293 849 1373 quod
880 1306 952 1353 toto
981 1286 1128 1372 tempore
1153 1293 1203 1353 sui
1227 1313 1332 1354 recor·

97 1413 195 1473 datus
216 1412 282 1490 ipse
305 1412 394 1470 testis
408 1409 451 1470 sic
468 1409 551 1470 vidit
568 1411 683 1478 teneri,
700 1407 853 1489 possideri
877 1422 908 1468 et
927 1408 1084 1468 custodiri
1099 1429 1154 1490 per
1177 1409 1330 1470 Comune

99 1544 130 1590 et
156 1527 315 1588 Homines
338 1525 502 1607 Capriane
531 1539 841 1607 quantumcumque
863 1524 1095 1603 complectitur
1119 1525 1205 1586 inter
1227 1525 1334 1587 dictos

98 1646 257 1707 terminos
279 1658 309 1704 et
332 1641 476 1703 confines
505 1642 543 1701 de
568 1661 678 1702 versus
709 1640 923 1720 Caprinnam,
946 1653 976 1700 et
1001 1639 1097 1701 hodie
1121 1641 1165 1700 sic
1189 1654 1333 1712 tenetur,

98 1760 280 1842 possidetur
304 1772 334 1819 et
359 1758 554 1819 custoditur.

178 1958 235 2017 Ser
255 1956 444 2017 Cresentius
457 1956 496 2016 de
513 1955 681 2014 Tarchonis
698 1956 787 2016 testls
806 1955 934 2015 iuratus
949 1975 1038 2016 sacra
1056 1955 1140 2016 dixit
1228 1955 1329 2029 Quod

97 2072 240 2133 confines
257 2072 480 2152 predictorum
499 2071 745 2132 territoriorum
764 2071 927 2152 incipiunt
943 2092 1039 2152 super
1056 2072 1143 2132 viam
1167 2072 1330 2132 Nubolini

97 2188 137 2248 ad
161 2189 341 2249 terminum
367 2187 532 2268 lapideum
559 2187 603 2246 ibi
628 2187 729 2246 lixum
754 2202 784 2248 et
813 2187 956 2248 tendunt
983 2208 1038 2267 per
1062 2188 1181 2248 lineam
1206 2208 1260 2268 per
1286 2188 1332 2248 la—

96 2325 171 2364 cum
187 2318 218 2364 et
236 2305 388 2382 paludem
406 2304 445 2363 ud
464 2304 550 2364 latus
563 2304 664 2363 turris
687 2302 859 2363 Castelmii
885 2304 1011 2363 heredis
1033 2304 1159 2364 domini
1179 2305 1327 2364 Anselmi

98 2435 288 2481 remanente
313 2435 385 2479 ture
402 2420 435 2478 in
461 2421 628 2480 territorio
651 2419 835 2489 Cinci-urii,
852 2421 895 2480 ita
913 2420 1011 2481 etium
1036 2420 1124 2500 quod
1149 2422 1332 2502 tazolusl'?)

96 2536 245 2595 excultus
268 2550 359 2595 extra
384 2535 506 2595 dictam
531 2550 637 2595 turem
663 2535 761 2604 cadit,
784 2549 814 2595 et
836 2551 880 2596 est
905 2537 937 2594 in
963 2538 1131 2615 territorio
1148 2538 1331 2618 Capriane;

96 2653 212 2712 deinde
238 2672 314 2712 vero
337 2653 456 2712 directe
480 2653 520 2711 nd
543 2653 724 2712 stratellam
751 2653 991 2730 Brognolorum
1022 2655 1060 2714 ud
1086 2654 1286 2728 Carubium;
1312 2678 1329 2716 u

96 2768 185 2828 dicto
210 2788 285 2827 cero
309 2766 457 2827 (lartum
481 2769 622 2828 tendunt
646 2768 684 2828 nd
710 2767 893 2829 Canubium
918 2784 1009 2830 extra
1040 2771 1285 2832 lloreredulum
1311 2794 1328 2833 n

98 2904 202 2953 mane,
226 2899 255 2942 et
280 2905 295 2942 a
321 2884 409 2943 dicto
432 2884 577 2944 Carobio
601 2905 655 2962 per
679 2885 765 2943 rium
792 2885 933 2944 tendunt
960 2887 999 2944 ad
1024 2906 1123 2945 unnm
1145 2890 1242 2956 riam,
1265 2908 1331 2967 que

96 3000 218 3059 dicitur
243 3001 293 3059 tiu
319 2999 503 3070 Cornnlini,
526 3020 589 3079 que
613 3001 705 3079 ponit
729 3015 826 3079 caput
844 3002 882 3060 nd
903 3000 1057 3061 l'ossntum
1082 3002 1274 3077 Cornulini;
1297 3020 1330 3065 et

96 3111 175 3172 dicit
200 3113 306 3171 dictus
329 3113 417 3172 testis
441 3113 527 3191 qnod
551 3113 593 3170 sic
620 3113 700 3171 cidit
726 3114 829 3172 teneri
852 3128 882 3173 et
908 3115 1059 3193 possideri
1088 3130 1158 3175 toto
1183 3130 1331 3195 tempore

96 3228 143 3286 sui
170 3228 356 3287 recordatus
380 3249 395 3286 n
421 3229 667 3307 quinquaginta
685 3231 779 3287 urinis
803 3243 832 3288 et
858 3229 929 3308 plns
946 3231 1026 3291 citra
1053 3252 1106 3311 per
1131 3232 1281 3291 Comune
1298 3248 1331 3292 et

99 3343 258 3403 Homines
272 3343 436 3424 Cuprinne
460 3360 771 3424 quantumcumque
794 3347 1023 3422 complectitur
1049 3348 1132 3407 inter
1151 3349 1254 3408 dictos
1271 3362 1331 3408 ter-

97 3461 203 3519 minos
226 3476 256 3520 et
280 3460 423 3520 conlines
446 3462 482 3521 de
508 3482 617 3520 tersus
642 3461 842 3540 (Inprimmm
861 3477 891 3520 et
910 3462 1004 3522 lindie
1027 3465 1069 3522 uic
1094 3478 1235 3531 tenetur,
1260 3485 1333 3543 pos-

96 3578 222 3637 ¹sidetur
245 3593 275 3637 et
300 3579 495 3638 custinlitur.

181 3779 300 3832 :ictum
329 3775 487 3835 inilcsimo
510 3777 731 3837 ducentesimo
755 3778 977 3854 octuagesimo
1009 3796 1114 3848 nono,
1149 3777 1330 3839 indictione

99 3892 250 3949 secundo.

178 4089 246 4161 ligo
272 4088 466 4148 chlellictius¹
490 4090 526 4149 de
552 4091 733 4149 :ldellteriis
762 4092 842 4149 mcii
872 4092 988 4170 pulncii
1021 4091 1178 4158 notarius,
1204 4091 1251 4149 nis
1275 4091 1332 4152 de-

98 4217 234 4282 putatus
257 4204 343 4264 dictu
370 4207 591 4283 predictorum
616 4208 745 4266 testium
764 4209 824 4266 mn
840 4208 934 4267 dictis
957 4209 1098 4267 dominis
1113 4209 1150 4267 nd
1170 4207 1332 4287 predicta,

99 4336 134 4380 ut
157 4341 254 4393 supra
280 4324 480 4393 continetur,
512 4344 565 4401 per
592 4325 778 4389 potestate-c.
803 4327 1000 4402 (jipitnnm
1028 4341 1057 4384 ct
1076 4324 1239 4384 (Icnnuniu
1266 4325 1331 4385 Ve-

98 4456 185 4505 rone,
208 4452 238 4495 et
266 4438 402 4497 liuntuc
428 4459 490 4496 nnn
518 4460 642 4498 mecum
668 4442 852 4518 deputatos.
872 4456 900 4499 ct
922 4441 951 4499 in
977 4461 1089 4499 corum
1110 4440 1271 4520 presentia
1298 4440 1332 4500 n-

96 4552 211 4610 deliter
228 4554 264 4612 de
280 4574 392 4613 eornm
409 4557 581 4615 voluntate
596 4557 709 4633 recepi,
732 4556 841 4634 >cripui
859 4557 895 4613 ud
913 4573 1102 4635 perpetuum
1123 4554 1330 4627 memorium,

96 4683 125 4716 ιΤ
152 4668 181 4716 ln
209 4672 347 4716 nrvwnii
374 4673 596 4716 itixtriinwntm
622 4674 763 4716 incrirtini
790 4673 873 4716 iiim
901 4673 1032 4716 tnctirini
1075 4673 1140 4716 civi·
1166 4687 1332 4716 nimenritnc
