2850 4776
630 449 701 490 noc.
725 450 796 490 rvr:
824 431 899 510 1289
1317 455 1376 516 207

225 657 286 718 Die
301 657 467 718 dominico
479 658 729 738 quartodecimo
742 659 860 722 mensis
874 662 1003 741 augusti
1016 675 1048 722 et
1061 661 1132 723 loco
1143 667 1376 746 suprascripto,

224 775 281 836 Ser
304 775 540 836 Bonaventura
558 776 596 836 de
614 775 832 847 Roveredulo,
845 776 902 858 qui
925 778 1048 839 dicitur
1066 779 1164 850 Mola,
1178 782 1266 842 testis
1288 783 1376 844 iura—

142 907 195 953 tus
216 912 317 964 sacra,
338 891 423 953 dixit
508 891 607 966 Quod
630 891 774 954 confines
797 893 884 954 inter
905 894 991 956 dicta
1017 895 1187 958 territoria
1210 897 1375 979 Capriane

139 1023 173 1070 et
196 1008 383 1071 Castellarii
407 1009 580 1091 Laguxelli
604 1010 835 1091 protentend0‚
859 1010 1026 1091 incipiunt
1050 1033 1067 1072 a
1090 1012 1197 1093 capite
1213 1013 1373 1074 ‘inferiori

139 1125 181 1185 ad
205 1125 361 1186 fossatum
385 1125 555 1187 Nuboloni
571 1139 603 1187 et
620 1126 764 1187 tendunt
781 1147 836 1207 per
855 1127 976 1188 lineam
1000 1128 1159 1190 directam
1184 1149 1240 1210 per
1263 1131 1370 1192 lacum

136 1251 169 1298 et
187 1238 340 1318 paludem
358 1239 397 1298 ad
415 1252 522 1300 turem
547 1237 712 1319 Baldoyni
728 1239 766 1299 de
783 1239 989 1311 castellario,
1007 1256 1199 1304 remanente
1222 1258 1314 1304 turre
1324 1251 1373 1318 (α)

136 1355 171 1414 in
195 1354 365 1415 territorio
381 1353 567 1432 Castellarij
585 1368 616 1416 et
636 1354 789 1415 districtu
808 1355 946 1417 Verone.
1031 1360 1060 1416 A
1077 1356 1164 1419 dicta
1182 1379 1260 1420 vero
1283 1362 1371 1421 turri

134 1472 343 1552 protendunt
367 1486 451 1532 recte
475 1490 576 1552 usque
598 1471 639 1532 ad
664 1473 783 1532 vallem
809 1471 1065 1553 Brognolorum
1084 1473 1117 1534 in
1136 1474 1188 1535 via
1212 1495 1275 1556 que
1299 1476 1365 1536 illic

133 1602 202 1660 est,
236 1590 292 1650 ubi
321 1589 493 1650 consuevit
526 1609 588 1650 esse
621 1589 785 1651 terminus
808 1590 955 1672 lapideus
986 1591 1069 1652 fixus
1103 1612 1162 1673 pro
1196 1595 1372 1672 territoriis

133 1705 420 1776 disterminandis‚
449 1707 507 1787 qui
531 1707 693 1768 terminus
721 1722 767 1768 est
790 1708 911 1769 eiectus
932 1723 965 1770 et
987 1710 1118 1770 evulsus
1140 1730 1196 1791 per
1220 1711 1369 1773 homines

133 1822 334 1894 Castellarii‚
356 1823 421 1884 iam
445 1837 490 1884 est
521 1843 628 1883 annus
662 1824 712 1884 vel
744 1824 865 1884 circha.
956 1826 1087 1887 Abinde
1118 1847 1194 1888 vero
1226 1829 1368 1890 tendunt

132 1959 191 2020 per
216 1938 302 1998 viam
327 1938 493 2018 usquead
517 1953 700 1999 cantorium
724 1940 820 1999 sortis
844 1940 1013 2020 presbiteri
1038 1942 1076 2001 de
1104 1941 1315 2022 Castellari0‚
1337 1959 1368 2006 ct

132 2055 212 2117 inde
234 2055 432 2116 revoluntur
455 2054 599 2116 confines
621 2075 676 2135 per
691 2058 789 2126 viam,
802 2077 864 2136 que
882 2055 1006 2118 dicitur
1023 2057 1178 2118 Stratella
1196 2057 1367 2128 Pischerie,

131 2191 237 2251 usque
266 2171 419 2251 paludem
453 2168 607 2240 Cornali,
637 2170 837 2233 includendo
862 2172 965 2252 ipsam
994 2173 1148 2253 paludem
1181 2173 1215 2234 in
1239 2177 1368 2236 territu-

130 2286 222 2346 rium
245 2284 420 2366 Capriane.
524 2286 752 2366 interrogatus
781 2288 806 2346 si
837 2288 956 2367 aliquis
989 2289 1073 2349 alius
1096 2290 1259 2350 terminus
1282 2289 1365 2350 fixus

129 2415 179 2463 est
212 2421 228 2462 a
259 2402 347 2462 dicto
380 2403 524 2462 termino
552 2402 665 2462 evulso
697 2405 866 2483 superius,
896 2405 1063 2484 respondit
1093 2405 1182 2484 quod
1217 2425 1305 2476 non,
1333 2429 1364 2465 se

128 2521 263 2580 sciente.
362 2521 441 2581 Item
472 2519 555 2580 dixit
585 2521 672 2600 quod
696 2523 735 2580 de
757 2521 846 2582 dicto
874 2522 1058 2583 Cornalino
1087 2524 1153 2584 exit
1185 2526 1284 2595 rivus,
1307 2526 1363 2603 qui

128 2634 241 2695 tendit
263 2634 297 2694 in
320 2634 430 2694 rivum
454 2633 597 2714 Carpeni
631 2654 686 2713 per
720 2634 872 2704 confines,
896 2650 1086 2697 remanente
1109 2638 1166 2696 illo
1190 2638 1261 2697 rivo
1284 2638 1364 2698 Cor-

130 2751 239 2812 nalini
255 2752 287 2812 in
306 2751 474 2811 territorio
497 2751 671 2831 Caprinne.
756 2753 798 2811 Et
822 2752 900 2812 dicit
923 2753 1029 2812 dictus
1053 2754 1141 2814 testis
1163 2754 1249 2833 quod
1278 2756 1364 2833 quic-

127 2867 212 2948 quid
235 2868 321 2928 inter
344 2867 447 2927 dictos
470 2867 628 2927 terminos
650 2868 802 2928 decessus
832 2867 1035 2948 Caprinnam
1059 2870 1363 2950 comprehenditur,

125 2997 175 3044 est
199 2983 237 3042 de
261 2982 429 3044 territorio
445 2981 618 3061 Capriane,
634 2996 664 3041 et
682 3002 736 3061 per
753 2983 904 3042 Cmnune
928 2983 1093 3062 Capriane
1115 2985 1160 3043 ita
1184 2985 1360 3045 obtentum

125 3109 223 3158 estet
241 3100 285 3157 itu
309 3112 440 3158 tenetur
463 3111 493 3156 ct
517 3096 699 3175 possidetur
718 3111 747 3156 et
765 3097 962 3167 custoditur,
983 3112 1014 3156 er
1040 3111 1110 3158 toto
1134 3113 1279 3178 tempore
1296 3101 1362 3159 site

123 3233 184 3274 sue
207 3213 307 3294 ipsius
330 3215 428 3282 testis,
451 3213 516 3292 ipse
540 3211 628 3271 testis
649 3213 693 3271 sie
718 3213 799 3271 vidit
825 3213 937 3279 teneri,
973 3213 1126 3292 possideri
1150 3229 1179 3273 et
1203 3215 1359 3274 custodiri

125 3352 185 3413 per
209 3331 360 3391 Comune
382 3344 412 3390 et
436 3328 595 3389 Homines
618 3328 792 3408 Capriane.
885 3328 1108 3408 interrogatus
1131 3331 1297 3408 quomodo
1319 3332 1360 3389 sit

124 3448 218 3528 quod
242 3448 402 3507 terminus
425 3447 590 3526 predictus
613 3449 743 3506 evulsus
766 3460 843 3506 essct
862 3445 905 3504 ini
927 3461 1104 3525 antequam
1130 3462 1207 3506 esset
1230 3448 1361 3505 evulsus

125 3563 481 3646 prodesterminandis
513 3562 707 3630 confinibus,
743 3563 909 3641 respondit
943 3563 1029 3641 qrrud
1055 3563 1136 3621 sidit
1160 3563 1265 3640 ipsum
1300 3577 1360 3621 ter·

123 3684 259 3744 minum
281 3694 312 3740 et
336 3679 463 3739 audivit
488 3680 549 3737 dici
574 3699 714 3757 semper:
741 3679 797 3736 iste
821 3694 865 3736 est
891 3680 1062 3746 terminus,
1081 3677 1164 3736 inter
1190 3679 1356 3737 territoria

122 3793 314 3857 Castellarii
337 3808 367 3854 et
392 3793 567 3872 Capriane,
590 3807 620 3850 et
646 3792 705 3850 huc
730 3791 857 3849 aimirir
876 3811 930 3870 per
957 3792 1104 3850 immittes
1128 3791 1311 3866 Castellarij
1328 3807 1357 3850 et

119 3925 367 3974 COHtsdtdsUssL

365 4152 487 4213 Eodem
512 4153 562 4212 die
586 4167 615 4213 et
641 4155 719 4213 lecu.

206 4269 278 4348 Ugo
303 4268 400 4329 Panis
424 4271 552 4329 iuratus
570 4292 658 4330 sacra
685 4271 767 4330 dixit
866 4269 963 4341 Quod
989 4270 1132 4329 contines
1159 4269 1244 4328 inter·
1269 4270 1353 4328 dictu

112 4387 291 4452 territoria
306 4401 383 4446 sunt
399 4388 454 4456 hii,
473 4389 631 4448 videlicet.
708 4387 897 4466 incipiendo
915 4387 943 4444 in
961 4387 1129 4446 Nuimlinu
1146 4401 1175 4446 et
1195 4385 1356 4445 seniendi>

169 4632 208 4687 (rr)
225 4634 242 4671 Α
258 4642 274 4673 t.
292 4645 338 4670 cum
354 4631 476 4672 Cnsrclrrir
