2874 4748
631 425 701 468 DOC.
725 427 803 466 va:
831 425 904 486 1299

153 659 238 710 rum,
261 659 395 722 purum,
418 640 558 700 liberum
590 653 621 700 et
651 637 800 719 generale
829 637 1006 698 arbitrium
1036 652 1066 697 et
1098 636 1318 706 voluntatem,
1339 657 1384 696 se-

151 758 297 819 cundum
320 755 410 837 quod
433 755 550 818 melius
564 769 596 816 et
613 755 729 815 utilius
749 753 810 814 sibi
829 753 995 815 videbitur
1011 752 1196 823 convenire,
1211 771 1286 811 cum
1300 752 1384 814 Con·

151 874 224 935 silio
239 887 270 936 et
286 873 355 935 sine
372 871 530 942 Consili0,
552 886 584 933 et
600 871 721 932 habeat
737 870 844 932 dictus
866 870 1023 932 dominus
1042 868 1163 939 Guido,
1179 868 1384 948 Capitaneus

154 988 301 1059 Mantue,
313 1007 441 1049 merum
461 1001 491 1048 et
515 1005 637 1067 purum
661 986 837 1067 imperium
853 999 885 1047 et
902 984 1173 1055 iurisdictionem,
1195 983 1381 1046 dominium

152 1121 182 1165 et
203 1118 407 1185 potestatem,
425 1103 663 1184 signoraticum
677 1103 863 1164 etliberum
880 1101 1058 1164 arbitrium
1076 1101 1110 1162 in
1124 1099 1286 1172 Comune,
1303 1099 1383 1160 Uni·

154 1221 352 1290 versitatem,
378 1218 537 1280 Homines
553 1218 711 1280 Civitatis
726 1233 757 1280 et
777 1217 953 1281 Districtus
970 1219 1121 1287 Meamne,
1136 1216 1183 1278 ita
1208 1215 1295 1296 quod
1316 1215 1381 1296 ipse

154 1333 355 1416 Capitaneus
378 1335 475 1417 possit
500 1336 609 1396 banna
633 1355 752 1416 ponere
768 1336 934 1396 absolvere
947 1347 978 1395 et
994 1333 1290 1396 condemnationes
1312 1346 1379 1394 tam

154 1452 261 1522 reales,
283 1470 383 1532 quam
406 1451 600 1532 personales,
623 1449 745 1522 facere,
767 1450 912 1530 exigere,
935 1451 1067 1520 tollere,
1090 1450 1257 1510 absolvere
1279 1463 1310 1509 et
1334 1468 1382 1509 re-

153 1567 294 1638 mittere,
310 1566 397 1628 inter
412 1567 534 1630 amicos
549 1585 754 1648 componere,
770 1587 923 1647 guerram
942 1566 1055 1636 facere,
1072 1581 1233 1646 treguam,
1249 1585 1383 1627 concor·

153 1683 240 1744 diam
256 1696 287 1743 et
304 1702 380 1765 pace
395 1684 489 1754 inire,
506 1684 627 1744 amicos
642 1683 805 1763 aquirere,
820 1684 990 1745 societates
1004 1683 1210 1752 contrahere,
1227 1683 1381 1743 bannitos

154 1800 193 1859 ad
216 1814 364 1882 precepta
389 1799 529 1878 recipere
545 1815 576 1860 et
595 1793 774 1870 restituere,
797 1812 828 1859 et
845 1799 1035 1870 Potestates,
1060 1798 1221 1867 Rectores,
1247 1798 1380 1868 ludices,

154 1891 331 1977 Assessores
353 1930 384 1976 et
407 1915 488 1976 alios
509 1914 660 1974 offitiales
682 1927 712 1974 et
736 1915 1021 1975 administratores
1043 1914 1179 1994 eligere,
1203 1934 1321 1994 ponere
1349 1928 1380 1976 et

153 2050 285 2100 cassare,
300 2029 466 2090 absolvere
489 2042 519 2089 et
538 2029 767 2116 condemnare,
782 2029 901 2089 salaria
919 2031 963 2089 eis
980 2029 1178 2089 constituere
1193 2042 1223 2090 et
1241 2029 1381 2099 auferre,

155 2147 332 2229 Sapientes,
355 2145 500 2207 Consilia
524 2158 555 2205 et
579 2144 758 2211 Contiones
773 2164 952 2206 convocare
974 2159 1005 2206 et
1027 2165 1234 2226 congregare.
1318 2146 1381 2205 lta-

154 2284 215 2345 que
238 2264 330 2324 nulla
347 2261 504 2332 Consilia,
519 2261 708 2331 Tractatus,
724 2261 904 2322 Contiones
919 2262 968 2323 vel
993 2262 1272 2342 Congregationes
1288 2260 1381 2331 fiant,

154 2381 273 2462 absque
296 2381 365 2442 eius
394 2379 526 2440 licentia
556 2378 687 2459 speciali
720 2379 767 2438 vel
797 2379 955 2458 generali,
977 2392 1008 2439 et
1031 2398 1103 2440 cum
1128 2379 1172 2439 eis
1194 2393 1224 2439 et
1247 2379 1315 2440 sine
1337 2379 1381 2438 eis

154 2497 402 2559 reformationes
425 2496 548 2566 facere,
580 2495 728 2566 decreta,
761 2495 993 2556 ordinamenta
1020 2509 1052 2555 et
1073 2509 1198 2556 statuta
1222 2495 1380 2565 condere,

152 2613 369 2694 interpretare
391 2626 422 2672 et
445 2611 609 2672 declarare
632 2624 663 2671 et
678 2611 790 2672 omnia
815 2626 846 2672 et
868 2611 997 2691 singula
1021 2612 1084 2672 alia
1110 2611 1214 2672 lacere
1237 2627 1268 2673 et
1292 2632 1380 2672 exer-

153 2749 231 2800 cere,
254 2747 317 2808 que
339 2728 378 2789 ad
403 2728 583 2789 utilitatem
603 2725 758 2788 Civitatis
780 2741 810 2788 et
834 2726 1005 2799 Comunis,
1028 2741 1058 2788 et
1077 2727 1263 2787 Hominum
1288 2729 1382 2788 blan-

154 2860 209 2907 tue
222 2847 384 2927 pertinere
400 2859 430 2905 et
446 2857 617 2920 expectare
632 2844 817 2914 crediderit,
833 2863 907 2904 cum
928 2843 1076 2903 Consilio
1092 2857 1121 2902 et
1137 2843 1206 2904 sine
1222 2842 1380 2913 Consilio,

154 2962 193 3023 ad
214 2981 311 3022 suum
335 2980 463 3021 merum
481 2974 511 3023 et
528 2961 677 3041 generale
700 2961 877 3021 arbitrium
898 2974 928 3020 et
948 2960 1166 3029 voluntatem,
1183 2960 1275 3018 nulla
1300 2960 1381 3020 iuris

153 3077 409 3146 consuetudinis,
433 3076 694 3146 reformationis,
717 3077 836 3137 decreti
862 3077 911 3136 vel
936 3075 1147 3136 Statutorum
1171 3076 1380 3137 solemnitate

153 3207 298 3270 servata;
321 3207 351 3253 et
376 3194 578 3273 potestalte]s
601 3205 632 3253 et
664 3193 817 3253 llectores
839 3206 870 3252 et
887 3190 1017 3270 Notarij
1040 3193 1232 3270 [eteorum]
1258 3192 1381 3252 l'amilie

153 3322 184 3370 et
214 3308 269 3388 alij
301 3308 465 3369 Officiales
494 3307 656 3369 Comunis
688 3310 826 3369 Mantue
857 3321 1033 3369 teneantur
1063 3309 1163 3368 lacere
1193 3308 1319 3369 attendi
1349 3323 1379 3368 et

154 3427 321 3487 observari
343 3426 501 3506 quicquid
525 3426 590 3506 ipse
613 3426 766 3485 dominus
790 3425 902 3486 Guido
918 3425 1121 3506 Capitaneus
1136 3425 1267 3494 dixerit,
1291 3445 1381 3484 man·

154 3543 281 3604 daverit
304 3555 362 3603 aut
386 3545 584 3623 preceperit,
607 3561 815 3622 quocumque
839 3542 935 3601 modo
946 3561 954 3614 ;
988 3560 1117 3621 queque
1150 3542 1309 3620 placuerit
1339 3539 1381 3598 ei·

154 3659 227 3720 dem
243 3658 379 3720 domino
396 3658 544 3720 Guidoni
561 3660 742 3737 capitaneo,
766 3672 942 3717 teneantur
965 3657 1024 3737 ipsi
1048 3657 1227 3716 Potestates
1248 3668 1278 3713 et
1304 3655 1383 3714 llec-

156 3791 240 3837 tores
255 3790 286 3836 et
309 3795 423 3836 eorum
449 3751 572 3834 iamilie
594 3789 624 3835 et
648 3774 811 3834 Officialcs
835 3772 995 3832 Comunis
1019 3773 1174 3844 Mantue;
1197 3786 1227 3830 et
1251 3771 1291 3829 ab
1314 3790 1382 3829 om-

156 3893 252 3953 nibus
269 3906 299 3952 et
316 3892 463 3970 singulis,
481 3912 497 3950 a
514 3890 633 3970 quibus
651 3893 733 3970 ipsos
750 3890 929 3950 Potestntes
945 3904 976 3949 et
996 3889 1148 3948 Rectores
1167 3903 1198 3947 et
1215 3887 1382 3956 Notarius,

157 4009 306 4077 famulos,
329 4006 492 4066 Olliciales
514 4022 545 4066 et
569 4004 719 4066 Comune
744 4007 881 4066 Mantue
904 4004 1091 4072 absolverit,
1106 4004 1172 4063 sint
1195 4017 1226 4063 et
1248 4023 1311 4062 esse
1333 4003 1382 4061 de-

156 4122 253 4183 beant
276 4123 370 4202 plene
391 4137 422 4182 et
447 4122 544 4181 libere
561 4121 712 4181 absoluti.
776 4121 817 4180 Et
834 4119 990 4199 quicquid
1014 4119 1078 4199 ipse
1101 4118 1254 4178 dominus
1271 4117 1382 4177 Guido

155 4237 357 4318 Capitaneus
381 4238 490 4298 lecerit
514 4252 544 4298 et
567 4238 746 4299 exercuerit
771 4257 980 4316 quocumque
1003 4235 1240 4305 mod0,‘valeat
1263 4248 1293 4294 et
1318 4235 1382 4312 ple-

156 4373 231 4416 nam
255 4355 404 4416 obtineat
429 4354 632 4426 firmitatem,
656 4375 720 4414 non
755 4355 964 4415 obstantibus
994 4352 1168 4431 aliquibus,
1191 4370 1254 4431 que
1280 4350 1384 4409 obsta·

156 4486 239 4544 rent,
263 4473 312 4533 vel
335 4473 465 4532 obstare
489 4473 584 4532 modo
608 4472 720 4551 aliquo
744 4472 949 4531 viderantur.
1021 4469 1152 4541 Quibus
1175 4466 1383 4528 obstantibus

154 4583 195 4645 sit
216 4603 312 4664 super
337 4581 395 4643 boc
419 4603 546 4663 presens
561 4597 724 4643 statutum
742 4603 778 4642 ex
797 4597 883 4642 certa
906 4581 1040 4641 scientia
1066 4581 1269 4659 derogatum.
1341 4573 1382 4635 ut
