2856 4808
605 477 673 518 noe.
699 458 956 537 cnv11:*(1299?)

573 828 701 908 (1299
713 831 748 908 ‘?)
766 877 772 890 .
789 878 795 891 .
813 879 819 892 .
837 878 844 892 .
856 851 865 906 ;
887 831 1089 906 (Mantova).

257 1019 287 1085 n
310 1017 374 1085 aab.
400 1018 580 1084 Boilardina
607 1017 767 1104 Nagarola
786 1021 961 1107 prosaicae
984 1019 1210 1088 Rinaldodetto
1235 1023 1398 1088 Passarinn

170 1144 411 1223 de'Bonaccolsi,
439 1143 502 1208 660
526 1142 583 1206 lire
606 1141 639 1206 di
654 1142 760 1207 denari
776 1143 962 1209 *Maritoaani
980 1144 1102 1231 piccoli,
1124 1145 1163 1210 da
1181 1148 1312 1234 pagersi
1334 1147 1399 1212 alla

166 1271 318 1358 pressiaco
341 1269 471 1356 Pnsqna,
496 1289 573 1332 conte
596 1267 803 1355 corrtplernauo
819 1267 900 1332 della
915 1267 981 1333 dote
997 1268 1030 1332 di
1052 1289 1107 1334 saa
1122 1268 1233 1334 sorella
1252 1269 1400 1358 Gigliettn

171 1397 216 1462 col
232 1396 310 1461 detio
327 1394 512 1474 Benaceolsi,
526 1393 647 1459 secondo
672 1393 696 1458 il
720 1407 816 1459 razna
840 1393 873 1458 di
884 1394 964 1458 altro
979 1407 1138 1460 stroarento
1163 1397 1194 1460 in
1218 1396 1290 1464 data
1307 1397 1401 1462 odier-

171 1542 219 1586 na.
323 1521 458 1586 Pramise
475 1533 552 1606 prae
574 1519 608 1584 di
629 1521 771 1584 risarcire
795 1521 807 1582 i
829 1519 924 1584 tiarati
952 1518 1002 1584 che
1037 1519 1061 1584 il
1096 1521 1270 1586 Bonaccolsi
1288 1534 1403 1608 potesse

173 1667 260 1710 avere
282 1644 358 1708 nelle
376 1644 513 1732 praticae
535 1645 574 1708 ila
599 1643 677 1721 farsi
695 1656 751 1730 per
768 1643 897 1708 clriedere
920 1643 945 1708 il
968 1644 1078 1710 eleazaro
1102 1645 1267 1732 dovuragli.

249 1875 410 1937 Promisio
434 1876 518 1936 sacta
542 1895 597 1955 per
621 1875 651 1936 d.
674 1874 870 1934 Pasarinum
898 1874 937 1935 de
966 1873 1155 1935 Bonacolsis
1182 1876 1220 1936 de
1242 1877 1399 1939 solvendo

169 2004 272 2050 Ἴων’·
294 1991 369 2053 libr.
393 2011 461 2072 par.
483 1992 619 2051 domino
643 1989 819 2070 Raynaldo
847 1990 885 2051 de
911 1991 1098 2072 Nogarollis
1121 2011 1181 2076 pro
1205 2006 1289 2053 resto
1311 1992 1397 2053 dotis

170 2108 302 2170 domine
324 2109 427 2170 Zilete
448 2110 567 2169 sororis
589 2108 715 2169 domini
739 2108 914 2170 Passarini.

252 2295 289 2356 In
313 2293 439 2357 Christi
464 2294 597 2354 nomine
619 2314 725 2355 anien.
824 2293 953 2355 Nobilis
976 2296 1026 2356 vir
1048 2296 1203 2357 dominus
1227 2297 1401 2379 Baylardi·-

172 2428 232 2469 nus
253 2415 302 2482 (a)
324 2408 363 2468 de
386 2407 569 2487 Nogarolis‚
591 2407 630 2466 de
652 2406 786 2467 civitate
810 2407 949 2480 verone,
970 2409 1039 2470 sine
1069 2408 1179 2488 aliqua
1209 2410 1399 2488 exceptione

171 2526 250 2586 iuris
268 2526 317 2586 sel
336 2524 424 2594 iacti,
446 2545 476 2584 se
498 2524 659 2602 obligavit
682 2544 738 2604 per
761 2544 792 2584 se
814 2539 844 2585 et
867 2544 941 2586 suos
965 2527 1105 2595 heredes,
1121 2526 1272 2587 sollemni
1294 2526 1400 2606 stipu-

86 2655 89 2661 '
169 2642 292 2702 latione
314 2640 464 2720 promisit
480 2653 511 2699 et
527 2639 682 2701 convenit
705 2639 842 2700 domino
860 2640 1073 2721 Raynaldino
1090 2640 1263 2701 passarino
1281 2655 1398 2702 vocato

168 2757 207 2818 de
224 2757 420 2832 Bonacolsis,
441 2757 518 2816 dare
534 2769 564 2815 et
580 2755 705 2816 solvere
727 2755 832 2818 eidem
848 2771 1016 2836 sengentas
1037 2757 1207 2836 sexaginta
1232 2757 1331 2817 libras
1348 2757 1401 2817 de-

170 2873 340 2934 nariorum
366 2873 629 2932 Mantuanorum
651 2881 833 2951 'parvorum
858 2871 935 2932 hinc
957 2873 996 2932 ad
1018 2872 1135 2932 festum
1159 2872 1302 2933 Pascatis
1338 2873 1399 2933 ne-

168 2991 380 3051 surrectionis
404 2990 538 3050 Domini
563 2990 763 3069 proximum,
798 3009 856 3069 pro
887 2990 1016 3049 residuo
1038 3005 1069 3050 et
1093 3009 1188 3050 causa
1224 2989 1343 3050 residui
1366 3004 1398 3050 et

169 3107 400 3187 complementi
424 3106 509 3166 dotis
532 3107 651 3166 nobilis
673 3106 806 3166 domine
829 3106 961 3167 domine
985 3107 1089 3189 Cilete
1105 3107 1249 3166 eiusdem
1270 3106 1397 3166 domini

172 3219 364 3299 Baylurdini
387 3220 516 3290 sororis,
540 3237 596 3278 nec
615 3237 680 3278 non
699 3218 809 3278 uxoris
831 3218 911 3278 dicti
934 3218 1061 3278 domini
1087 3218 1303 3298 Raynaldini,
1328 3237 1394 3277 non

167 3335 319 3395 obstante
342 3334 540 3394 confessione
562 3334 735 3394 solutionis
764 3334 830 3394 sive
855 3334 1050 3414 receptionis
1078 3335 1178 3414 ipsius
1200 3334 1285 3394 dotis
1310 3334 1395 3393 facta

169 3471 225 3530 per
247 3451 372 3511 dictum
398 3450 569 3510 dominum
595 3450 846 3530 Raynaldinum
868 3450 902 3509 in
927 3450 1150 3510 instrumento
1180 3450 1279 3527 ipsius
1302 3451 1397 3519 dotis,

167 3566 289 3646 scripto
312 3585 366 3646 pcr
390 3565 593 3626 Sclsenellam
612 3567 779 3625 notarium
799 3567 847 3626 vel
866 3586 920 3645 per
939 3566 1131 3627 Michaeiem
1155 3567 1193 3626 de
1217 3566 1397 3626 Folcodato

169 3683 338 3743 notarium
361 3683 399 3743 de
423 3682 563 3752 Verona,
587 3684 647 3742 sub
680 3683 820 3762 presenti
851 3682 913 3753 die,
947 3683 1131 3752 millesima,
1160 3683 1341 3742 indictione
1365 3697 1395 3742 et

168 3800 248 3860 loco,
333 3800 413 3860 Item
438 3799 565 3860 reticere
589 3814 618 3859 et
643 3799 812 3859 restituere
837 3799 985 3878 promisit
1020 3798 1122 3858 eidem
1150 3798 1287 3858 domino
1311 3798 1400 3878 nay-

169 3915 305 3976 naldino
328 3936 440 3976 omnes
461 3937 615 3996 expensas
639 3917 704 3974 litis
726 3930 756 3974 et
779 3929 870 3974 extra
896 3931 995 3994 atquc
1018 3914 1129 3973 omnia
1160 3914 1293 3983 damna,
1317 3934 1398 3994 quas

169 4033 278 4092 iecerit
302 4047 332 4092 et
356 4052 419 4111 que
441 4033 634 4092 sustinuerit
659 4032 691 4090 in
716 4031 835 4090 iuditio
858 4044 888 4090 et
913 4045 1004 4090 extra
1031 4031 1080 4091 vel
1104 4030 1169 4090 alio
1185 4050 1396 4110 quocumque

169 4148 265 4207 modo
288 4167 347 4226 pro
371 4147 437 4227 ipsa
462 4149 598 4226 pecunia
624 4145 760 4226 pecc-min
777 4159 807 4204 et
825 4145 994 4226 exigenda,
1018 4165 1076 4224 pro
1100 4145 1221 4224 quibus
1243 4144 1398 4203 omnibus

166 4279 198 4324 et
220 4262 358 4342 singulis
382 4265 507 4343 integre
523 4264 734 4323 observandis
751 4263 835 4322 idem
852 4263 1006 4322 dominus
1030 4260 1252 4341 Bayiardinus
1270 4260 1398 4340 prefato

166 4380 303 4441 domino
327 4381 539 4460 Rasnaltiino
562 4381 720 4457 obligauit
745 4380 856 4440 omnia
873 4400 930 4438 sua
950 4381 1044 4448 bona,
1069 4379 1138 4438 iure
1161 4377 1317 4458 pignoris,
1335 4400 1403 4459 pre·

220 4585 394 4636 (n)s''r4vni:sna1
410 4589 428 4626 le
440 4588 521 4636 parole
536 4587 641 4638 aproniana
659 4585 736 4622 tiranni
749 4586 846 4635 Amana,
864 4588 900 4626 cist·
917 4588 941 4626 di
950 4588 1027 4637 priora
1040 4600 1106 4626 nerino
1122 4601 1217 4626 ttrrrrrcrn
1233 4591 1350 4636 suppressa,
1360 4595 1404 4636 prr·

164 4672 239 4699 mura
258 4659 282 4697 di
295 4673 340 4696 aaa
356 4660 414 4697 licen
431 4660 455 4697 ai
466 4660 533 4708 panii
546 4659 578 4697 inl
591 4672 634 4696 κη·
648 4664 772 4707 collapsum.
