2874 4748
629 479 699 522 noc.
723 481 807 521 exn:
836 480 909 543 ¹297
1321 463 1379 544 267

685 589 840 596 *—

146 691 296 771 augendo
318 705 348 752 et
371 693 608 763 conservando,
632 693 854 772 providemus,
877 694 1058 767 firmamus,
1078 699 1258 768 statuimus
1273 711 1305 758 et
1327 715 1379 757 or-

145 808 298 869 dinamus
321 808 355 870 in
379 823 545 890 posterum
569 809 831 880 observandum,
856 823 902 882 ut,
924 812 950 871 si
973 811 1149 882 acciderit,
1172 811 1261 892 quod
1283 812 1378 883 absit,

144 927 233 1006 quod
257 928 377 1007 aliquis
399 928 556 988 inuentus
577 903 631 988 siu
657 928 846 1008 inculpatus
861 928 903 990 sit
920 931 1126 1001 commisisse,
1143 930 1176 990 in
1194 930 1330 991 civitate
1346 943 1376 990 et

146 1042 298 1104 districtu
323 1044 471 1115 Mantua,
484 1043 518 1104 in
542 1042 666 1103 sactum
691 1043 741 1104 vel
758 1056 939 1106 tractatum
957 1060 1072 1106 contra
1090 1045 1249 1107 honorem
1265 1059 1297 1106 et
1318 1057 1380 1104 sta·

147 1173 218 1219 tum
241 1159 454 1222 dominorum
479 1159 654 1220 Potestatis
669 1166 719 1235 (α)
735 1159 910 1242 Capitanei
926 1176 957 1223 et
975 1160 1136 1223 Comuuis
1155 1163 1303 1233 Mantua,
1320 1175 1378 1222 aut

146 1275 336 1356 inculpatus
353 1296 408 1338 seu
426 1289 573 1357 repertus
588 1277 630 1336 sit
646 1277 842 1338 commisisse
858 1277 893 1339 in
909 1279 1045 1340 civitate
1061 1294 1092 1341 et
1112 1278 1264 1344 districtu
1286 1279 1380 1340 Man·

146 1406 203 1452 tue
218 1392 435 1454 homicidium
459 1396 492 1454 in
509 1412 743 1474 quamcumque
760 1414 944 1474 personam,
959 1409 1017 1456 aut
1040 1395 1179 1466 lurtum,
1195 1410 1253 1456 aut
1269 1395 1380 1456 incen-

144 1508 249 1579 dium,
272 1523 329 1570 aut
354 1509 531 1581 robariatn,
563 1524 622 1571 aut
655 1510 807 1591 rapidam
838 1511 872 1572 in
903 1531 1076 1591 personam
1105 1513 1251 1592 aliquam
1275 1511 1379 1571 cuius·

145 1644 287 1704 cumque
308 1644 412 1695 sexus,
433 1639 465 1686 et
489 1624 680 1686 huiusmodi
713 1624 910 1686 delictorum
942 1627 1132 1687 commissor
1155 1628 1207 1688 vel
1228 1629 1379 1688 commis-

143 1760 230 1801 sores
244 1761 298 1802 seu
315 1742 478 1821 inculpati
494 1741 527 1801 in
544 1741 713 1802 civitatem
738 1741 877 1813 Verone,
898 1755 956 1803 aut
973 1743 1161 1803 districtum
1185 1742 1377 1822 aufugerint

143 1877 199 1918 seu
223 1859 369 1938 poterint
393 1858 538 1939 reperiri,
560 1858 648 1939 quod
674 1858 819 1920 Potestas
841 1873 872 1920 et
896 1857 1048 1920 Comune
1072 1859 1211 1929 Verone,
1229 1858 1378 1938 requisiti

147 1993 204 2054 per
219 1976 346 2035 litteras
358 1995 412 2036 seu
431 1975 591 2036 nuncium
610 1975 794 2046 potestatis,
810 1974 985 2056 Capitanei
1006 1990 1037 2037 et
1052 1975 1213 2036 Comuuis
1230 1977 1368 2036 llantue

147 2106 326 2152 teneantur
348 2105 379 2152 et
401 2092 541 2152 debeant
564 2092 691 2152 eosdem
714 2092 910 2152 delictorum
936 2106 1175 2173 perpetratores
1196 2111 1250 2153 seu
1275 2092 1377 2152 incul-

147 2221 241 2286 patos
273 2227 387 2288 capere
419 2223 450 2269 et
484 2208 556 2288 capi
582 2208 685 2269 lacere
707 2223 738 2268 et
761 2223 873 2288 captos
902 2209 1129 2270 transmittere
1151 2212 1211 2268 sub
1235 2208 1297 2269 fida
1322 2227 1377 2268 cu-

144 2324 252 2385 stodia
276 2325 309 2385 in
334 2324 470 2385 forciam
505 2325 693 2386 eorumdem
730 2325 914 2394 potestatis,
948 2324 1123 2406 Capitanei
1153 2339 1183 2386 et
1215 2325 1377 2385 Comuuis

148 2442 298 2512 Mantue‚
312 2441 420 2502 debite
443 2440 637 2521 puniendos.
720 2442 762 2501 Et
785 2441 872 2521 quod
899 2441 958 2501 hoc
976 2456 1121 2522 ponatur
1141 2442 1173 2502 in
1199 2442 1283 2501 libro
1307 2442 1381 2501 Sta·

147 2573 299 2620 tutorum
323 2557 485 2619 Comuuis
508 2559 637 2619 Verone
660 2573 690 2618 et
716 2578 774 2638 pro
796 2559 979 2619 statuto'in
1004 2574 1170 2637 posterum
1194 2558 1310 2619 debeat
1326 2559 1378 2618 ob·

145 2675 280 2743 servari,
303 2692 377 2734 cum
402 2674 484 2733 illud
501 2673 587 2734 idem
608 2694 682 2753 erga
701 2693 758 2734 nos
780 2674 1024 2734 observandum
1047 2673 1085 2734 de
1108 2673 1378 2752 delinquentibus

146 2790 180 2851 in
207 2790 336 2851 Verona
360 2803 390 2850 et
412 2791 564 2852 districtu
590 2791 795 2862 Verone,seu
821 2791 996 2872 inculpatis
1018 2790 1056 2850 de
1080 2790 1232 2870 predictis
1255 2789 1381 2850 delictis

147 2908 198 2967 vel
222 2907 335 2987 aliquo
357 2907 591 2988 predictorum,
605 2908 763 2979 Potestas,
786 2908 989 2990 Capitaneus
1011 2921 1041 2968 et
1066 2907 1218 2968 Comune
1242 2906 1379 2966 Mantue

147 3023 283 3104 provide
301 3025 458 3085 duxerint
481 3025 705 3085 statuendum.
791 3026 831 3084 Et
857 3025 940 3085 sacta
959 3024 1133 3102 diligenter
1157 3022 1379 3103 propositione

145 3153 178 3200 et
202 3138 337 3199 consilio
359 3141 525 3219 postulato
553 3159 649 3220 super
667 3141 819 3220 predictis
837 3161 891 3220 per
909 3141 1051 3200 nobilem
1070 3140 1178 3199 sirum
1204 3139 1377 3198 dominum

147 3256 299 3336 Lappum
323 3257 362 3316 de
387 3256 529 3324 ubertis,
547 3257 683 3316 llantue
708 3271 913 3336 potestatem,
936 3277 1010 3315 cum
1035 3257 1209 3315 voluntate
1232 3255 1310 3314 dicti
1327 3254 1380 3314 do·

145 3374 228 3435 mini
242 3373 417 3454 Capitanei
433 3375 609 3435 Mantuani
625 3375 781 3453 presentis
795 3375 926 3444 ibidem,
940 3375 1094 3434 dominus
1111 3372 1321 3452 Caqadragus
1333 3372 1379 3445 (b)

143 3489 273 3549 domini
291 3489 462 3569 Raymerii
484 3491 522 3549 de
546 3489 760 3568 Pegoloto(e·)
782 3490 1010 3550 concionando
1032 3489 1116 3548 dixit
1146 3503 1176 3548 et
1201 3487 1379 3554 consuluit,

144 3602 234 3682 quod
257 3603 436 3663 secundum
462 3604 641 3683 provisum,
665 3602 846 3674 lirmatum,
868 3617 1032 3664 statutum
1060 3617 1091 3663 et
1115 3603 1308 3662 ordinatum
1332 3616 1377 3661 est

147 3739 204 3800 per
227 3718 377 3782 Comune
396 3721 533 3791 Verone‚
550 3721 748 3781 auctoritate
765 3721 815 3780 sui
834 3721 968 3780 Maioris
983 3720 1132 3798 Consilii,
1153 3734 1183 3779 et
1207 3732 1243 3779 ut
1271 3719 1377 3777 risum

143 3851 176 3898 et
202 3837 320 3897 lectum
339 3837 489 3918 superius
501 3838 702 3906 continetur,
720 3838 763 3897 ita
777 3854 808 3897 et
823 3840 883 3897 sub
896 3839 1006 3898 eadem
1034 3838 1137 3896 lorma
1155 3857 1210 3916 per
1227 3836 1378 3896 Comune

147 3953 295 4023 Mantue,
318 3953 517 4013 auctoritate
542 3954 640 4012 huius
664 3954 835 4014 Generalis
859 3954 1008 4033 Consilii,
1033 3952 1209 4033 provideri,
1239 3950 1377 4018 firmari,

141 4067 246 4128 statui
268 4081 299 4128 et
322 4069 471 4128 ordinari
502 4070 617 4129 debeat
641 4091 656 4128 e
679 4090 835 4130 converso
864 4086 894 4130 et
918 4069 1108 4150 peremnia
1133 4068 1212 4128 fieri.
1318 4067 1378 4126 De-

145 4184 246 4263 nique
269 4185 301 4245 in
320 4185 557 4246 reformatione
584 4186 722 4259 consilii,
741 4187 826 4246 lacto
845 4188 968 4265 partito
986 4206 1040 4265 per
1057 4186 1181 4245 dietum
1202 4184 1375 4244 domiuum

144 4301 344 4362 Potestatem
370 4302 409 4361 ad
433 4304 603 4363 columnas
637 4301 764 4382 palacii,
797 4303 976 4362 secundum
1002 4302 1140 4361 l'orrram
1174 4301 1291 4361 statuti
1316 4299 1379 4359 Co-

145 4419 255 4479 munis
274 4420 411 4480 Mantua
427 4435 457 4480 et
477 4441 598 4480 morem
623 4421 838 4487 rel'ormandi,
867 4421 958 4479 iuxta
983 4419 1158 4479 eonsilium
1181 4418 1379 4497 suprascrip·

144 4549 218 4596 tum
235 4535 314 4595 dicti
334 4536 461 4596 domini
479 4535 659 4614 Cneadragi
677 4535 732 4606 (lu,
749 4535 799 4593 cui
826 4555 921 4595 nemo
939 4535 1152 4604 contradixit,
1174 4533 1297 4613 placuit
1313 4553 1379 4592 om·
