2850 4776
693 422 764 464 noe.
787 424 821 464 t:
848 403 923 486 1287
1370 401 1421 483 ¹8!

190 653 248 694 seu
271 632 428 714 percipiat
450 633 484 694 in
508 634 660 714 presenti,
688 647 719 695 et
750 655 785 696 ea
808 633 983 695 abeodem
1013 633 1214 694 monasterio
1245 653 1311 694 non
1336 652 1423 694 reco-

191 749 285 830 gnita
309 749 402 829 plene
425 768 615 831 recuperare
650 769 716 810 non
750 750 848 830 possit
871 770 927 832 per
949 769 990 821 se,
1020 750 1081 810 nisi
1108 763 1343 829 recuperentur
1367 768 1422 829 per

192 863 336 943 aliquem
361 864 502 925 nobilem
525 878 557 925 et
580 877 759 945 potentem,
776 864 835 944 qui
857 864 1003 945 predicta
1019 884 1036 924 a
1054 862 1201 944 predicto
1223 864 1424 924 monasterio

193 993 411 1059 recognoscat,
434 965 631 1040 venerabilis
659 993 752 1060 pater
781 979 937 1040 dominus
967 979 1083 1040 Petrus
1107 978 1166 1040 Dei
1191 979 1298 1060 gratia
1322 980 1422 1040 abbas

190 1109 225 1155 et
248 1094 402 1154 dominus
424 1093 523 1155 Cloza
540 1094 722 1156 monachus
735 1095 815 1157 dicti
831 1094 1020 1174 monasterii
1044 1115 1118 1156 cum
1143 1097 1251 1177 plures
1274 1115 1340 1156 non
1356 1095 1422 1157 sint

192 1208 322 1272 monaci
346 1209 379 1270 in
403 1211 515 1272 eodem
538 1210 738 1272 monasterio
760 1211 921 1292 degentes,
944 1210 983 1271 ad
1006 1211 1191 1292 capitulum
1215 1231 1305 1273 more
1326 1211 1423 1272 solito

188 1325 392 1406 congregati,
414 1339 595 1387 tractantes
618 1324 657 1386 de
681 1324 884 1386 utilitatibus
906 1326 1049 1387 eiusdem
1073 1325 1277 1405 monasterij‚
1290 1340 1322 1387 et
1345 1346 1424 1407 qua·

190 1444 269 1503 liter
290 1455 321 1503 et
344 1462 398 1522 per
421 1459 517 1522 quem
538 1441 684 1521 predicta
700 1460 891 1522 recuperare
914 1457 1054 1523 possent,
1069 1441 1225 1522 premisso
1247 1456 1278 1504 et
1303 1442 1421 1504 habitu

188 1556 344 1636 diligenti
367 1570 511 1618 tractatu
525 1563 575 1632 (a)
596 1576 668 1637 sepe
689 1572 721 1618 et
743 1557 859 1637 sepius,
882 1558 916 1618 in
939 1577 1005 1638 quo
1027 1557 1167 1638 quilibet
1190 1578 1282 1619 suam
1308 1559 1423 1619 volun·

189 1686 295 1734 tatem
317 1673 482 1754 expressit,
505 1673 709 1734 unanimiter
731 1687 763 1734 et
786 1675 992 1735 concorditer
1015 1674 1309 1735 consideraverunt
1333 1677 1421 1755 quod

186 1790 305 1851 omnia
326 1804 358 1851 et
380 1789 510 1871 singula
534 1789 650 1851 melius
671 1804 805 1870 possunt
829 1791 1014 1871 recuperari
1037 1802 1069 1851 et
1092 1790 1132 1850 ad
1156 1790 1206 1850 ius
1229 1789 1420 1870 monasterij

190 1905 305 1966 reduci
327 1925 383 1986 per
405 1905 577 1966 dominum
596 1903 777 1966 Berardum
799 1905 904 1966 hlium
921 1905 1048 1965 domini
1069 1906 1228 1966 Johanini
1251 1906 1289 1966 de
1313 1907 1420 1967 Rona-

185 2021 284 2082 colsis
305 2021 344 2082 de
368 2022 518 2092 Mantua,
541 2040 641 2102 quam
665 2041 721 2101 per
744 2020 887 2101 aliquem
911 2021 1025 2082 alium.
1108 2023 1151 2082 Et
1175 2021 1246 2082 ideo
1269 2021 1415 2102 predicta

183 2137 303 2198 omnia
326 2149 357 2198 et
378 2138 505 2217 singula
529 2138 694 2218 predictus
714 2137 867 2199 dominus
890 2139 989 2198 abbas
1013 2158 1067 2218 per
1084 2159 1115 2198 se
1137 2157 1275 2218 suosque
1298 2156 1421 2199 succes-

184 2274 277 2316 sores
298 2256 343 2329 (b)
367 2275 427 2336 pro
449 2256 594 2316 utilitate
616 2256 716 2336 ipsius
739 2255 940 2334 monasterii,
956 2255 995 2315 de
1011 2256 1185 2317 voluntate
1207 2268 1238 2315 et
1262 2274 1419 2315 consensu

184 2371 271 2432 dicti
289 2371 414 2432 domini
438 2370 502 2432 don
521 2373 566 2450 (c)
583 2371 680 2432 Cloze
695 2371 744 2446 (d)
760 2375 900 2442 monaci,
924 2391 983 2452 pro
998 2391 1028 2432 se
1044 2386 1074 2432 et
1098 2371 1187 2431 dicto
1210 2371 1420 2452 monasterio

183 2486 281 2547 dedit
296 2502 326 2547 et
348 2487 503 2548 concessit
526 2488 682 2567 magistro
701 2488 813 2559 Leoni,
829 2487 956 2548 medico
978 2487 1016 2547 de
1037 2488 1187 2556 Mantua,
1211 2487 1420 2566 procuratori

182 2603 334 2665 eiusdem
357 2604 484 2664 domini
508 2604 654 2673 berardi,
681 2617 711 2663 et
742 2603 846 2682 ipsum
879 2603 1072 2682 magistrum
1099 2602 1241 2662 Leonem
1264 2620 1420 2683 procura·

187 2721 279 2782 torio
301 2721 435 2781 nomine
455 2740 514 2800 pro
536 2721 605 2801 ipso
628 2720 763 2780 domino
787 2719 931 2780 Berardo
953 2733 983 2780 et
1009 2718 1183 2779 heredibus
1204 2718 1269 2778 suis
1288 2718 1326 2779 de
1349 2738 1420 2798 pre-

181 2835 286 2898 dictis
308 2838 461 2898 omnibus
490 2852 520 2898 et
543 2837 681 2916 singulis
704 2836 874 2896 investivit
906 2834 945 2895 ad
975 2835 1123 2895 livellum
1156 2833 1232 2893 hinc
1260 2834 1299 2894 ad
1323 2835 1421 2914 quin-

183 2952 351 3032 quaginta
374 2967 449 3013 octo
471 2973 585 3023 antios,
602 2952 642 3013 ad
659 2951 887 3013 renovandum
904 2951 992 3011 hunc
1008 2964 1216 3011 contractum
1241 2964 1271 3010 et
1294 2969 1420 3010 conces·

181 3070 314 3128 sionem
337 3066 492 3148 incapite
510 3068 627 3148 viginti
646 3088 762 3128 novem
787 3085 952 3126 aratrorum
970 3079 1000 3125 et
1020 3064 1059 3124 ad
1077 3065 1191 3124 lictum
1217 3064 1418 3125 reddendum

180 3183 294 3245 eidem
319 3183 518 3244 monasterio
541 3184 691 3244 annatim
716 3197 861 3262 quatuor
884 3182 1030 3261 plaustra
1063 3181 1139 3240 honi
1167 3195 1197 3240 et
1222 3182 1328 3260 pulcri
1353 3182 1419 3241 fru-

183 3300 295 3360 meuti
317 3313 416 3378 atque
439 3299 604 3359 Veronam
628 3298 667 3358 ad
691 3297 817 3358 dictum
842 3297 1077 3357 monasterium
1109 3296 1361 3356 conducendum
1385 3297 1418 3356 in

187 3413 274 3474 festo
286 3413 389 3472 sancti
407 3413 585 3484 Michaelis,
603 3414 651 3472 vel
677 3413 762 3472 inira
787 3426 951 3481 octavam,
969 3411 1041 3471 etsi
1059 3430 1123 3470 non
1147 3411 1280 3470 solverit
1304 3410 1343 3469 nd
1361 3424 1421 3470 ter·

184 3529 321 3592 minum
344 3528 459 3589 debeat
483 3529 668 3608 induplare,
690 3529 750 3587 suh
775 3548 856 3608 penu
874 3528 982 3587 decem
1007 3527 1167 3586 librarum
1187 3526 1417 3586 veronensium

185 3662 381 3726 partorum,
404 3665 466 3725 que
489 3646 611 3704 tociens
634 3645 829 3704 comittatur
852 3643 1007 3723 quociens
1038 3642 1136 3701 l'uetit
1161 3655 1417 3701 contraventum

184 3775 220 3822 et
244 3761 311 3841 peti
333 3762 431 3841 possit
454 3781 528 3821 cum
552 3763 676 3821 ellectu.
762 3760 894 3833 Quibus
916 3759 1070 3819 omnibus
1092 3773 1122 3817 et
1146 3757 1282 3835 singulis
1305 3758 1421 3817 solutis

186 3878 241 3939 vel
266 3897 331 3937 non
353 3879 479 3948 solutis,
502 3879 674 3938 attenditis
704 3879 754 3936 vel
786 3897 851 3936 non
875 3875 1057 3943 attenditis,
1081 3873 1225 3954 predicta
1253 3874 1365 3932 omniu
1389 3887 1418 3934 et

182 3995 318 4076 singula
341 3995 375 4054 in
397 4013 456 4055 suo
479 3995 596 4054 robore
620 3991 1017 4052 nichilominusdebeant
1050 4009 1249 4070 permanere.
1333 3989 1419 4048 Con-

188 4113 343 4174 cedentes
375 4112 512 4192 predicti
547 4111 700 4171 dominus
733 4112 809 4169 abas
839 4125 868 4170 et
903 4111 1044 4171 domnus
1074 4110 1173 4170 Cloza
1200 4115 1244 4183 (e)
1273 4109 1421 4189 predicto

185 4228 347 4308 magistro
370 4226 472 4286 Leoni
507 4225 726 4305 procuratori,
759 4225 929 4303 recipienti
954 4225 1075 4283 siccet
1100 4223 1232 4283 nonune
1261 4224 1340 4285 dicti
1363 4226 1421 4285 do-

184 4341 272 4406 mini
298 4339 431 4400 berardi
455 4354 485 4398 et
509 4339 577 4398 eius
602 4337 769 4406 heredum,
793 4338 922 4414 plenam
948 4336 1083 4395 liberam
1108 4349 1138 4395 et
1163 4338 1345 4414 generalem
1367 4358 1419 4417 po·
