2858 4792
104 460 159 502 iro
408 462 580 503 aeeszrosr
604 464 664 503 ras
687 463 815 504 annom
839 465 857 504 r:
880 464 1031 506 ninrovs

100 694 156 755 per
178 689 283 738 totam
307 675 543 739 Lombardiam
566 684 615 752 (a)
638 677 685 740 ire
706 692 736 739 et
760 677 865 740 redire
887 693 917 741 et
940 692 1025 740 stare
1047 679 1148 741 libere
1169 693 1200 741 et
1221 669 1340 744 secure*

99 791 395 873 quotienscumque
429 794 597 855 voluerint
619 809 650 855 et
678 795 956 875 quandocumque
988 794 1166 867 voluerint,
1187 811 1218 857 et
1241 797 1331 877 quod

97 927 149 968 eos
173 908 332 990 recipient
356 910 390 971 in
410 911 480 986 'suis
502 911 696 996 civitatibus
718 926 749 973 et
773 911 850 973 locis
871 925 902 972 et
925 911 1129 972 districtibus
1150 932 1263 974 eorum
1283 913 1332 988 (b)

97 1022 182 1083 sicut
205 1024 336 1096 amicos,
358 1038 389 1085 et
412 1045 464 1086 eos
487 1025 681 1131 traptabunt
705 1024 883 1086 honorilice
905 1039 937 1086 et
960 1024 1121 1086 decenter.
1239 1027 1280 1087 Et
1304 1027 1331 1085 si

100 1140 183 1201 forte
206 1140 325 1220 aliquis
341 1141 391 1201 vel
414 1141 518 1220 aliqui
536 1142 658 1202 vellent
675 1141 843 1222 impedire,
860 1142 909 1202 vel
926 1140 1137 1222 impedirent,
1159 1142 1209 1202 vel
1226 1161 1330 1222 aspec-

100 1270 172 1317 tum
197 1256 339 1318 iacerent
362 1257 561 1337 impediendi
577 1257 702 1318 dictum
727 1257 900 1319 dominum
925 1259 1057 1337 Regem,
1081 1258 1130 1319 vel
1147 1258 1252 1319 dictos
1276 1258 1331 1319 he-

100 1373 188 1433 redes
209 1373 288 1442 eius,
311 1374 361 1432 vel
385 1374 488 1434 dictos
511 1374 640 1445 milites,
657 1375 706 1434 vel
725 1374 919 1445 balistarios,
943 1376 993 1435 vel
1018 1376 1098 1436 alias
1120 1390 1230 1455 gentes
1248 1375 1330 1436 dicti

98 1491 225 1551 domini
251 1490 356 1570 Regis,
379 1492 427 1551 vel
451 1491 615 1552 dictorum
640 1490 796 1552 heredum
820 1512 967 1563 suorum,
990 1507 1167 1554 teneantur
1189 1493 1332 1574 predicti

101 1607 225 1668 nobiles
247 1606 398 1667 Marchio
419 1621 450 1668 et
474 1608 600 1678 Comes,
616 1621 647 1668 et
664 1608 741 1668 dicti
766 1608 898 1670 heredes
920 1629 1034 1670 eorum
1050 1624 1082 1671 et
1098 1608 1183 1670 dicta
1208 1609 1331 1672 Comu-

101 1722 154 1783 nia
178 1737 209 1783 ct
233 1720 393 1784 Homines
415 1723 581 1784 dictarum
605 1724 780 1784 civitatum
797 1739 828 1787 et
845 1724 1058 1787 districtuum
1083 1738 1224 1787 totosuo
1240 1745 1333 1807 posse

100 1840 176 1900 dare
198 1839 242 1900 eis
263 1840 435 1900 consilium
459 1854 490 1901 et
514 1840 676 1900 auxilium
711 1839 750 1900 ad
784 1840 910 1901 dictum
935 1841 1113 1902 transitum
1138 1841 1330 1903 habendum

100 1957 201 2017 libere
222 1970 253 2018 et
275 1976 393 2034 secure,
414 1957 447 2017 in
472 1957 580 2017 eundo
602 1971 633 2018 et
658 1958 834 2028 redeund0,
856 1957 1151 2038 quotienscumque
1173 1971 1204 2019 et
1227 1978 1333 2038 quan·

100 2075 285 2154 documque
307 2074 384 2135 inde
407 2073 531 2134 luerint
555 2074 715 2153 requisiti.
799 2073 873 2146 Que
896 2075 1007 2135 omnia
1031 2075 1110 2136 dicti
1133 2075 1261 2156 syndici
1283 2084 1333 2150 (c)

100 2204 131 2250 et
155 2203 383 2270 procuratores
406 2189 571 2250 dictorum
596 2189 756 2250 nobilium
780 2204 811 2250 et
835 2189 1038 2251 Cornunium
1056 2205 1086 2251 et
1102 2191 1267 2252 dictarum
1290 2193 1334 2252 ci·

100 2306 246 2367 vitatum
259 2319 289 2365 et
304 2305 478 2366 hominum
502 2325 615 2366 earum
632 2320 663 2366 et
683 2305 893 2366 districtuum
911 2326 1024 2366 earum
1041 2306 1090 2381 (d)
1107 2308 1332 2386 promiserunt

100 2434 131 2481 et
147 2421 344 2480 iuraverunt
360 2421 419 2500 ipsi
436 2420 572 2481 domino
586 2421 665 2501 Regi
685 2421 854 2501 recipienti
872 2422 1004 2482 nomine
1021 2423 1169 2484 Romane
1188 2423 1331 2484 Ecclesie

99 2554 130 2599 et
152 2558 210 2598 suo
233 2553 264 2599 et
287 2538 451 2598 dictorum
487 2538 644 2599 heredum
677 2558 812 2598 suorum
847 2539 1017 2600 attendere
1039 2552 1069 2601 et
1092 2540 1274 2610 observare,
1296 2556 1331 2601 et

99 2669 213 2714 contra
239 2656 272 2713 in
297 2654 408 2732 aliquo
432 2673 497 2713 non
521 2653 643 2722 tenire,
658 2669 689 2713 et
705 2675 735 2713 se
753 2654 895 2714 facturos
910 2670 941 2715 et
964 2668 1147 2725 curaturos
1170 2654 1214 2714 ita
1238 2656 1329 2734 quod

100 2770 235 2849 predicti
256 2771 379 2831 nobiles
396 2769 587 2830 blatchioet
601 2770 717 2830 Comes
739 2784 770 2829 et
793 2769 942 2831 homines
963 2770 1128 2832 dictarum
1149 2771 1328 2831 civitatum
1359 2823 1364 2830 .

100 2885 244 2964 predicta
278 2887 476 2966 promictent
500 2900 530 2946 ct
553 2892 597 2959 (e)
630 2887 790 2945 iurabunt
816 2900 847 2945 et
871 2887 1086 2946 incartabunt
1119 2886 1331 2966 procuratori·

99 3002 176 3062 dicti
190 3001 315 3062 domini
331 3003 436 3083 Regis,
448 3003 724 3082 quandocumque
746 3003 820 3063 inde
837 3002 960 3063 fuerint
984 3002 1130 3082 requisiti
1146 3017 1177 3064 et
1192 3022 1330 3062 renova-

101 3119 183 3178 bunt
196 3133 440 3179 sacramentum
456 3119 585 3179 heredes
597 3119 759 3179 dictorum
776 3120 937 3178 nobilium
952 3133 1022 3199 post
1036 3119 1197 3178 decessum
1211 3138 1327 3179 eorum

99 3250 128 3295 et
153 3236 301 3295 homines
333 3236 497 3295 dictarum
532 3235 707 3295 civitatum
739 3236 776 3295 de
807 3236 1038 3315 quinquennio
1072 3235 1105 3294 in
1139 3235 1331 3314 quinquen-

100 3355 203 3425 nium,
225 3356 315 3414 salto
339 3354 521 3413 honoreac
551 3353 716 3414 mandatis
740 3355 875 3413 Ecclesie
902 3354 1048 3414 llomune
1071 3351 1144 3432 (f),
1171 3366 1200 3412 et
1217 3371 1330 3435 excep·

99 3470 139 3530 tis
155 3471 192 3530 de
208 3470 427 3529 conventione
443 3469 587 3548 predicta
606 3468 747 3528 dominis
763 3468 800 3528 de
818 3469 846 3528 la
864 3468 972 3527 'l'urrc
988 3483 1017 3528 et
1035 3466 1243 3527 Comuni'ous
1261 3466 1330 3526 Me-

98 3587 233 3657 diolani,
247 3587 406 3665 Pergami,
420 3586 615 3655 Cumarum,
630 3585 741 3645 Laude
757 3602 787 3645 et
806 3586 956 3645 Novarie.
1021 3585 1119 3645 Versa
1137 3585 1204 3644 sice
1220 3584 1330 3644 dictus

97 3704 251 3763 dominus
268 3703 336 3762 Rex
361 3703 510 3782 promisit
524 3710 576 3781 (g)
595 3703 729 3761 immine
751 3723 810 3761 suo
832 3717 863 3760 et
886 3703 1051 3761 dictorum
1077 3700 1232 3760 heredum
1253 3719 1330 3759 suo-

98 3840 170 3879 rum
187 3818 339 3899 predictis
363 3819 633 3897 procuratoribus
648 3832 678 3877 et
702 3818 844 3896 syndicis
860 3824 917 3891 (fr),
936 3816 1167 3895 recipientibus
1191 3815 1328 3876 nomine

97 3937 260 3995 dictorum
287 3936 449 3995 nobilium
473 3950 502 3994 ct
528 3935 691 3994 dictorum
718 3934 872 3994 heredum
890 3954 1024 3993 suorum
1050 3948 1078 3993 et
1104 3933 1237 3993 nomine
1261 3934 1329 3993 dic-

98 4068 206 4112 torum
226 4052 428 4112 Comunium
447 4066 476 4110 ct
495 4050 666 4110 hominurn
685 4051 848 4110 dictarum
867 4052 1038 4110 civitatum
1054 4065 1084 4110 et
1102 4049 1330 4121 districtuum,

98 4172 210 4229 iurare
240 4170 323 4247 ipsos
337 4172 375 4242 (i)
406 4169 528 4254 nobiles
547 4168 772 4227 hlarchiouem
790 4183 819 4228 ct
837 4168 999 4227 Comitem
1019 4182 1048 4227 et
1070 4167 1199 4227 heredes
1211 4186 1328 4226 eorum

97 4288 226 4346 etdictu
252 4287 415 4346 Cornunia
433 4302 462 4345 ct
486 4286 644 4344 Homines
667 4286 829 4346 dictarum
855 4286 1026 4345 <tritarum
1046 4299 1160 4344 contra
1187 4284 1333 4344 hlanl're-
