2874 4748
233 438 401 478 umnzrosr
425 439 485 479 rna
510 438 637 479 VERONA
663 441 679 478 r:
704 439 851 478 sosaovr

19 666 62 723 to,
86 652 255 733 recipienti
274 652 342 713 vice
354 666 385 714 et
403 653 536 714 nomine
552 652 631 715 dicti
655 652 781 714 domini
795 652 943 714 Oraboni
960 668 991 715 et
1006 654 1159 715 omnium

0 770 188 849 ngulorum
212 786 355 848 quorum
389 767 540 830 intererit
574 769 622 829 vel
648 771 799 829 interesse
832 768 974 848 poterit,
998 789 1030 830 se
1053 767 1161 839 firma,

25 898 56 943 et
79 895 173 962 grata
198 881 363 961 perpetuis
385 881 589 962 temporibus
618 881 791 942 habituros
820 882 931 943 omnia
961 897 992 944 et
1017 882 1161 964 singula,

13 999 48 1058 in
72 997 226 1078 predictis
248 1011 279 1058 et
302 997 449 1076 quolibet
474 997 695 1078 predictorum
719 997 827 1059 dictus
855 999 1010 1060 dominus
1031 997 1161 1060 Orabo·

14 1129 210 1195 procurator
242 1115 375 1176 duxerit
410 1115 594 1195 recipienda
624 1128 656 1176 et
686 1115 887 1195 exequenda,
916 1116 977 1176 sub
1003 1118 1157 1177 omnium

8 1250 62 1291 um
86 1243 117 1291 et
140 1230 315 1291 cuiuslibet
338 1250 452 1291 eorum
478 1231 652 1301 bonorum,
675 1229 746 1290 iure
770 1229 923 1311 pigneris,
944 1230 1159 1310 obligatione.

9 1441 130 1496 Actum
150 1450 196 1497 est
221 1435 281 1495 hoc
293 1435 345 1497 die
359 1435 527 1496 dominico
541 1449 660 1497 octavo
683 1436 830 1496 intrante
843 1454 951 1496 mense
967 1434 1156 1504 decembris,

1 1579 12 1608 ι
38 1551 201 1613 dominice
218 1552 405 1614 nativitatis
428 1552 603 1614 millesimo
618 1553 842 1614 ducentesimo
862 1552 1074 1634 nonagesimo
1088 1573 1155 1634 sep-

12 1669 165 1738 ‚decima
187 1668 362 1730 indicione.
447 1669 654 1730 Presentibus
676 1669 819 1731 dominis
834 1668 990 1730 Guidone
1012 1669 1050 1730 de
1073 1669 1155 1730 Buc-

22 1787 155 1856 ioribus,
179 1785 351 1847 Burlaccio
373 1787 411 1847 dc
428 1786 632 1847 Cremasclris
654 1802 684 1848 et
710 1787 892 1848 Graciadeo
914 1786 1080 1868 quondam
1098 1787 1174 1854 do·,

31 1903 201 1986 §Iatrieboni
224 1904 262 1964 de
285 1903 447 1975 Tol'aniis,
470 1905 597 1964 civibus
630 1905 778 1973 Mantua,
812 1905 949 1966 testibus
978 1905 1100 1985 rogatis
1120 1919 1152 1965 et

8 2022 58 2092 tis,
79 2023 139 2081 sub
164 2022 292 2102 porticu
318 2022 451 2081 maioris
473 2021 601 2082 ecclesie
623 2023 727 2083 sancti
752 2021 841 2082 Petri
864 2022 902 2082 de
927 2022 1077 2093 Mantua,
1095 2021 1152 2081 ubi

16 2139 45 2197 in
68 2150 298 2217 congregatur.

2 2345 48 2415 (S.
73 2343 127 2414 T.)
150 2342 233 2402 EGo
260 2342 469 2403 llolandinus
502 2343 669 2422 quondam
701 2342 826 2403 domini
859 2342 1094 2402 Bonasenture
1116 2341 1155 2402 de

1 2461 114 2530 ‘olouo
137 2460 216 2520 civis
236 2460 383 2529 Mantne,
399 2462 480 2519 sacri
502 2459 617 2541 palacii
642 2461 792 2520 notarius
815 2459 976 2539 publicus,
999 2459 1156 2538 predictis

24 2590 55 2634 et
79 2590 212 2653 rogatus
234 2577 356 2656 scripsi,
378 2576 576 2656 signumque
599 2596 707 2636 meum
732 2578 868 2656 apposui
891 2591 1095 2637 consuetum.

1 3004 94 3057 sossi.
116 3034 147 3042 „
170 3004 205 3056 Λ.
246 3003 376 3056 looeoo
399 3003 478 3056 rolla
498 3020 685 3072 pergame-nn
705 3004 855 3071 originale
869 3002 951 3056 della
966 3020 1098 3073 procura
1119 3005 1151 3057 di

2 3110 51 3162 ln.
65 3127 87 3175 1,
102 3110 127 3162 si
144 3118 231 3163 uox-a
246 3111 334 3162 unito
349 3129 388 3164 un
405 3110 550 3163 l'ascicolo
566 3118 715 3174 cartaceo,
729 3111 836 3162 scritto
852 3109 934 3162 dalla
946 3119 1045 3163 stesso
1058 3126 1153 3163 mano

10 3220 66 3284 ogo
83 3215 103 3267 il
119 3217 260 3285 pre-dotto
281 3216 468 3268 domuncula
484 3216 512 3268 di
531 3233 670 3284 procura,
691 3217 757 3267 (ἰοὺ
779 3216 828 3268 dal
844 3224 906 3269 not.
923 3215 1099 3269 llolandino
1119 3217 1154 3270 ds

11 3321 82 3375 luno.
113 3323 221 3389 Qucsu
244 3323 273 3374 ri
295 3324 406 3376 scrisse
436 3322 475 3391 gli
507 3323 633 3376 abbozzi
663 3324 692 3375 di
721 3323 780 3376 duc
801 3324 875 3388 alti,
904 3341 964 3376 uno
995 3323 1107 3377 diffuso
1133 3343 1152 3378 e

9 3448 25 3478 o
50 3429 158 3481 breve:
190 3428 350 3482 l'nlrlrozzo
369 3430 397 3481 ‹li
422 3447 460 3483 nn
482 3431 700 3481 attocscritto
717 3430 852 3481 insenso
869 3429 1023 3482 inversoa
1043 3429 1151 3498 quello

0 3537 81 3590 ltro.
102 3538 211 3604 Questi
234 3540 293 3590 (luc
313 3539 369 3590 ant
391 3540 552 3590 (loct-vano
574 3538 764 3606 ‹ornplelarc
791 3537 914 3590 lallare
941 3537 988 3589 cui
1015 3536 1041 3590 si
1069 3537 1151 3590 daca

7 3667 11 3690 ι
32 3645 78 3696 col
102 3645 288 3697 documento
310 3646 337 3696 di
362 3663 502 3714 plionia.

4 3755 30 3804 ‘u
52 3753 131 3805 altro
154 3753 246 3820 loglio
268 3761 407 3804 cartaceo
431 3752 448 3804 il
473 3753 642 3803 rncdesirno
673 3751 777 3804 notaio
807 3748 1150 3804 >crissea11clreilse-

14 3877 29 3911 c
50 3860 157 3912 clauco
179 3860 208 3912 di
231 3859 407 3912 documenti
430 3860 617 3928 riguarclauli
642 3859 670 3910 lo
691 3867 790 3911 stesso
811 3859 949 3927 nogozio.

6 3967 54 4020 'on
77 3969 115 4019 mi
140 3969 233 4021 riusci
256 3969 332 4021 l'atto
354 3970 382 4021 di
405 3980 528 4022 trru'nre
551 3974 586 4020 ni·
608 3987 624 4019 a
648 3970 799 4031 alanno-n,
821 3971 857 4019 ui·
879 3984 898 4019 a
917 3967 1050 4032 Verona,
1072 3971 1110 4018 ne
1131 3985 1149 4020 ‘a

7 4074 60 4134 zia,
81 4075 120 4139 gli
143 4075 195 4127 alti
212 4074 334 4126 notarili
351 4075 397 4126 cui
415 4076 576 4126 <lucratio
591 4075 708 4126 seruire
723 4073 753 4125 di
770 4072 989 4142 preparatione
1004 4071 1034 4124 lc
1055 4071 1149 4125 bozze

1 4180 66 4232 uui.
89 4180 128 4231 ln·
154 4182 293 4233 ric-crolle
315 4183 361 4233 tiu
381 4181 408 4233 lc
430 4191 512 4233 carto
534 4181 712 4233 Zenoninnc
734 4180 887 4232 «londin
914 4177 1148 4233 nell’lirchivio

1 4296 54 4339 ,ato
76 4287 103 4338 di
129 4287 264 4341 verona
287 4291 397 4342 l'unnio
418 4305 474 4355 per·
490 4306 535 4340 nic
552 4289 626 4340 lullo
642 4288 689 4340 dal
713 4287 759 4339 cli.
777 4287 884 4354 signos
897 4285 932 4339 (i,
946 4285 1029 4339 della
1043 4287 1149 4348 Santa,

11 4395 38 4445 io
60 4393 186 4446 ollicinlc
212 4396 240 4446 di
264 4394 514 4462 quell'rlroliirio,
532 4396 592 4448 alla
612 4396 658 4447 cui
681 4395 812 4463 annona
838 4394 969 4446 aracusia
991 4393 1029 4445 nii
1053 4403 1147 4463 teugo

4 4499 159 4530 [VU‘h'l'hUaa
