2834 4792
394 490 567 533 acturos!
592 490 651 530 faa
674 489 804 530 VERONA
826 488 846 528 Ε
870 486 1023 529 uaniora

174 845 256 908 Item
284 848 322 907 de
346 846 476 908 Verona
499 853 559 920 (a).

175 1063 210 1123 ln
225 1062 353 1123 Christi
371 1063 514 1125 nomine.
578 1064 637 1124 Die
652 1064 780 1125 sabbati
802 1052 908 1124 ·vlrr·
932 1076 1073 1124 exeunte
1095 1064 1194 1136 maio,
1212 1083 1330 1124 curen-

93 1187 185 1247 tibus
208 1186 302 1246 annis
319 1184 453 1246 Domini
476 1186 559 1246 ·M·
581 1186 805 1248 ducentesimo
824 1159 953 1248 ·rv1lr·
979 1186 1145 1247 indicione
1174 1187 1330 1248 secunda.

94 1302 308 1363 presentibus
340 1301 482 1361 dominis
506 1300 651 1362 ilenrico
672 1303 711 1362 de
734 1301 935 1384 Campitello
957 1303 1064 1363 iudice
1089 1316 1122 1364 et
1145 1302 1329 1385 Canebono

96 1415 236 1495 liegenci
260 1429 291 1477 et
315 1417 554 1495 llontemagno
576 1417 613 1477 de
637 1417 860 1479 Stantialibus
874 1433 906 1480 et
925 1418 1162 1480 Bonaventura
1179 1419 1217 1479 de
1239 1419 1326 1478 Van-

93 1533 172 1593 dulo
184 1547 216 1594 et
231 1532 392 1592 Paxolino
404 1532 442 1592 de
455 1532 556 1592 Turri
575 1533 712 1593 testibus
727 1546 758 1593 et
774 1535 846 1594 aliis
866 1535 997 1614 rogatis.
1083 1534 1118 1594 ln
1131 1535 1253 1614 capella
1271 1553 1328 1614 pa·

95 1649 166 1727 lacij
190 1651 375 1709 communis
395 1649 542 1708 Mantue.
625 1650 747 1710 Coram
763 1650 899 1710 domino
916 1650 1099 1711 Guilielmo
1122 1649 1328 1729 Rumpetini

96 1765 201 1825 iudice
213 1779 410 1825 etassessore
432 1763 557 1824 domini
581 1763 758 1824 Cathelani
775 1765 901 1825 domini
918 1765 1083 1827 Guidonis
1103 1763 1236 1826 domine
1260 1763 1325 1825 Ho-

94 1883 153 1942 stie
176 1881 346 1962 potestatis
370 1881 518 1952 llantur,
542 1880 585 1941 ibi
608 1881 738 1941 sedente
761 1900 819 1962 pro
842 1882 1015 1951 tribunali,
1037 1884 1095 1961 qui
1124 1880 1324 1942 auctoritate

94 1997 143 2057 sui
160 1997 323 2058 iudicatus
346 2016 405 2078 pro
428 1996 608 2056 Communi
633 1998 771 2057 Mantue
792 2016 884 2057 suam
908 1998 1140 2057 auctoritatem
1163 2012 1195 2057 et
1218 1996 1326 2056 decre-

96 2128 166 2173 tum
192 2114 389 2192 interposuit
412 2114 566 2173 omnibus
588 2127 619 2175 et
641 2114 778 2193 singulis
808 2113 1035 2193 infrascriptis.
1141 2113 1252 2194 lbique
1269 2114 1325 2174 do-

97 2230 205 2288 minus
219 2228 401 2308 lodoycus,
424 2243 521 2288 natus
536 2229 674 2288 condam
700 2228 825 2287 domini
851 2228 981 2304 Ricardi
1005 2229 1133 2288 comitis
1156 2227 1327 2298 Verone‚a

96 2344 184 2404 dicto
206 2345 342 2403 domino
366 2344 547 2405 Guilielmo
562 2344 665 2404 iudice
679 2359 709 2404 et
723 2364 874 2403 assessore
901 2346 979 2403 dicti
996 2344 1165 2422 potestatis
1183 2343 1326 2403 Mantue

96 2460 268 2518 dominum
295 2459 451 2519 llolinum
475 2460 514 2519 de
536 2460 701 2541 Quiricalis
724 2459 769 2518 ibi
794 2474 973 2540 presentem
999 2459 1032 2518 in
1060 2474 1247 2519 curatorem
1277 2478 1332 2539 pe-

95 2574 152 2635 ciit
174 2576 233 2634 sibi
258 2576 350 2648 dari;
373 2595 470 2654 quem
494 2575 667 2635 dominum
692 2574 849 2635 Rofinum
873 2575 938 2655 ipse
963 2575 1059 2634 iudex
1077 2574 1164 2634 dieto
1187 2572 1323 2634 domino

97 2690 251 2771 Lodoyco
275 2692 387 2751 comiti
414 2690 543 2750 Veroue
563 2691 596 2749 in
620 2705 804 2750 curatorem
829 2691 1004 2750 constituit
1029 2705 1127 2771 atque
1149 2690 1260 2760 dedit,
1287 2710 1324 2750 eo

96 2820 225 2884 petente
248 2819 278 2865 et
303 2805 443 2876 volente,
470 2805 510 2864 ad
542 2805 745 2874 faciendum,
769 2806 947 2865 iurandum
971 2821 1002 2866 et
1033 2805 1236 2866 firmandum
1266 2825 1328 2885 pro

96 2924 164 2999 ipso
187 2923 323 2982 domino
346 2923 465 2982 comite
487 2924 584 2982 simul
609 2942 683 2981 cum
709 2922 844 2981 domino
877 2928 988 2997 Aeone
1014 2923 1071 2981 Dei
1095 2937 1126 2982 et
1150 2922 1328 3002 apostolica

97 3039 202 3114 uratia
227 3040 355 3098 Estensi
378 3053 408 3098 et
434 3039 646 3098 Anconitano
671 3039 861 3097 marchione
877 3054 907 3098 et
925 3058 998 3097 cum
1023 3038 1266 3098 Commuuibus
1289 3037 1329 3096 ci·

99 3158 241 3216 vitatum
269 3158 417 3226 Mantum
442 3157 589 3216 Ferrarie
613 3171 643 3216 et
668 3156 778 3216 l'adue
808 3177 862 3216 seu
892 3157 956 3213 suis
981 3155 1118 3225 nunciis,
1144 3154 1276 3214 sindieis
1299 3170 1328 3214 et

100 3275 370 3351 procuratoribus
391 3294 427 3333 er
454 3287 547 3352 parte
564 3293 640 3342 uua,
656 3293 730 3332 cum
747 3273 883 3331 domino
905 3273 1029 3331 Uberto
1054 3271 1241 3330 marchione
1259 3269 1330 3329 Pel-

99 3389 241 3446 laricino
264 3402 294 3447 et
318 3387 454 3447 domino
488 3389 582 3447 Bosio
605 3388 642 3447 de
668 3388 810 3447 Doraria
845 3403 875 3447 et
900 3387 1080 3447 Communi
1104 3386 1267 3446 Cremone
1289 3408 1327 3446 ex

100 3518 192 3581 parte
205 3504 318 3572 altera,
343 3523 399 3582 pro
416 3524 445 3562 sc
463 3519 493 3562 et
518 3505 672 3562 omnibus
691 3504 804 3563 amicis
825 3505 997 3582 utriusque
1017 3504 1127 3582 partis,
1140 3502 1327 3562 societatem

99 3635 128 3678 ct
152 3619 360 3679 concordiam
388 3640 498 3678 rernm
522 3633 553 3678 et
578 3640 706 3699 puram,
729 3640 935 3679 communem
961 3635 991 3679 et
1014 3620 1162 3698 equalem
1184 3637 1242 3697 pro
1259 3616 1329 3696 ipso

100 3735 378 3795 dorninoComite
402 3737 798 3815 perpetuoobtinendam,
822 3737 914 3796 iuxta
940 3738 1079 3796 formam
1103 3736 1327 3815 capitulorum

100 3868 129 3910 et
156 3867 325 3930 pactorum
351 3853 557 3932 provisorum
582 3867 612 3911 et
637 3852 844 3911 firmatorum
881 3856 912 3911 in
947 3853 1120 3912 concordia
1148 3851 1329 3929 perdiccas

102 3984 217 4046 partes,
241 3984 270 4027 et
295 3969 333 4027 ad
359 3969 548 4048 prestantius
571 3969 759 4027 securitates
783 3983 812 4027 et
837 3971 874 4028 ad
901 3970 1121 4048 recipiendum
1149 3969 1260 4028 taliam
1281 3968 1328 4040 (b)

103 4085 245 4143 militnm
270 4099 299 4143 et
326 4086 571 4144 balistariorum
597 4085 656 4163 ipsi
682 4085 824 4144 Domino
849 4102 1086 4166 corripetentem
1116 4089 1154 4147 de
1177 4087 1252 4146 mile
1271 4086 1330 4144 du-

100 4202 201 4259 centis
226 4205 310 4260 inter
335 4202 454 4261 milites
477 4217 506 4260 et
532 4203 715 4260 balistarios
739 4222 755 4260 a
781 4204 925 4281 predicta
953 4205 1104 4263 societate
1132 4203 1331 4263 assolrcndis

100 4332 129 4376 et
155 4319 192 4376 ad
218 4319 494 4398 promittendum,
519 4319 717 4377 lirmandum
753 4334 782 4378 et
817 4322 1032 4399 obligandum
1058 4341 1183 4400 queque
1210 4320 1272 4378 alia
1298 4335 1330 4380 et

98 4435 225 4484 <ieiunia
252 4435 335 4484 «llere
359 4436 504 4484 «scirtari
533 4437 653 4484 luerint
678 4451 840 4484 crinirtrrnn
887 4438 1022 4484 orriri<
1048 4442 1147 4484 oncri<
1177 4437 1330 4484 marlia-rie
